DATE,SEMREVENUE,DISPLAYREVENUE,PARTNERREVENUE,AFFILIATEREVENUE,DIRECTMAILREVENUE,EMAILREVENUE,NATURALSEARCHREVENUE,PUREORGANICREVENUE,SHARESITESREVENUE,UNKNOWNREVENUE,TOTALREVENUE,SEMCOST,DISPLAYCOST,PARTNERCOST,AFFILIATECOST,DIRECTMAILCOST
1/1/2011,60762.74,87945.35,29723.06,16576.82,764.01,141308.17,47254.44,72081.32,66749.24,12594.28,535759.43,22288.49027,20517,16260,3377,4523
1/2/2011,87725.49,83653.96,37865.04,22979.79,913.28,174067.17,62224.69,107143.06,106500.35,15010.15,698082.98,23709.6801,27812,23605,4563,4523
1/3/2011,71109.59,60839.67,32020.33,17398.14,1096.75,142246.4,54313.35,91933.35,91278.13,16390.78,578626.49,24469.96018,26087,19512,4200,4523
1/4/2011,58348.02,41168.31,27319.93,16788.86,583.08,119126.33,47593.14,74032.53,81210.72,15647.31,481818.23,25389.65017,27107,19361,3585,4523
1/5/2011,48039.74,32040.67,25511.36,18430.2,1378.18,104127.2,46596.44,72177.25,75819.83,14306.92,438427.79,18492.84989,22686,17628,3951,4523
1/6/2011,49099.07,24418.61,27645.21,14374.03,1024.45,100207.25,41941.29,66158.2,73544.63,9342.94,407755.68,20939.17981,23515,16298,3472,4523
1/7/2011,51575.43,20032.98,25709.74,15953.3,659.6,130662.07,38425.75,65849.93,66494.39,14905.47,430268.66,21554.44011,24179,19286,3264,4523
1/8/2011,59905.83,9236.78,26340.89,14247.06,342.26,135442.05,42042.43,73793.06,72875.02,16838.53,451063.91,24266.80014,25782,19261,2164,4523
1/9/2011,77955.55,7501.67,38927.16,21051.31,902.75,180254.28,61047.3,116506.49,98000.01,17979.32,620125.84,29062.61012,29460,22764,2874,4523
1/10/2011,68998.05,7023.42,38831.74,20053.43,1150.04,254843.57,48528.04,102549.34,100309.35,30923.45,673210.43,32107.34587,24773,25702,3899,4523
1/11/2011,84143.64,5797.45,43776.28,24082.93,1070.21,287476.51,70664.51,112206.99,111526.99,26479.35,767224.86,35036.19554,25399,25840,4229,4523
1/12/2011,112679.24,7639.28,56287.43,36400.93,756.73,336464.91,85319.1,145025.83,147967.11,29770.37,958310.93,36190.3274,17621,30661,6243,4523
1/13/2011,36706.47,1475.63,20883.3,10758.91,530.81,118950.76,30932.21,62367.75,48329.41,18185.17,349120.42,36314.87537,20647,15808,5694,4523
1/14/2011,32177.66,1346.5,16909.08,8242.34,319.61,110550.22,23106.63,55806.5,38788.83,14763.21,302010.58,32269.62732,22773,15419,1874,4523
1/15/2011,37447.85,1565.11,23148.31,12437.88,569.03,169102.97,28113.81,62042.71,46082.22,21144.79,401654.68,32540.7432,25229,17089,2426,4523
1/16/2011,53749.16,2386.44,34885.71,15209.49,502.48,230340.08,39040.86,78323.87,67817.74,23615.48,545871.31,23493.23629,42100,30134,3182,4523
1/17/2011,72510.84,3030.63,40761.15,27949.4,334.76,489122.33,51424.43,90238.88,89359.93,44098.4,908830.75,16158.00514,19313,30699,4650,4523
1/18/2011,45174.77,1541.06,25275.2,10514.18,380.85,138208.24,33534.06,65801.4,56736.37,15685.35,392851.48,23529.55469,19980,19349,4261,4523
1/19/2011,48632.44,1863.92,28445.73,13357.16,964.47,134325.62,32474.42,66669.48,58295.09,14049.07,399077.4,28695.68058,16178,20403,2461,4523
1/20/2011,32703.83,1484.16,18268.46,9983.52,117.29,140408.9,22503.66,46723.67,42971.27,16373.33,331538.09,26606.87228,17364,16373,3766,4523
1/21/2011,30757.25,1375.32,17761.64,8133.53,395.59,108061.74,21388.21,42461.78,43222.22,9864.05,283421.33,24888.35159,19285,15682,2499,4523
1/22/2011,33580.79,1461.91,21212.85,11400.47,132.34,109536.97,24254.55,56747.51,41564.16,10800.16,310691.71,25727.74526,20273,17829,2384,4523
1/23/2011,51364.1,1935.61,27205.33,14935.33,506.74,147831.95,31584.37,72461.67,61908.81,14732.11,424466.02,38253.00589,21131,21897,2542,4523
1/24/2011,43989.07,1678.23,26112.95,14394.49,626.81,177221.93,32976.72,59471.22,56446.44,20690.54,433608.4,28271.65031,14800,22086,3654,4523
1/25/2011,47931.12,2076.73,23996.61,14280.86,457.74,238179.45,33680.93,59928.37,55813.87,21708.54,498054.22,23110.17212,13740,21496,3463,4523
1/26/2011,47855.86,2144.25,29840.53,17077.45,226.61,254887.04,38495.61,52703.06,62693.34,19715.93,525639.68,16715.51077,24551,23454,3783,4523
1/27/2011,35517.55,994.91,25069.63,11898.16,186.53,177608.28,30852.86,57490.09,46472.43,22658.64,408749.08,13309.6962,37394,21358,4327,4523
1/28/2011,32893.05,881.27,25421.92,10090.71,626.72,140005.54,25658.81,48550.21,42861.29,11465.23,338454.75,12718.54273,22834,19349,2823,4523
1/29/2011,41971.34,1436.13,30484.21,13559.47,312.55,174712.94,30409.01,55587.5,50602.97,15939.24,415015.36,14414.79929,23551,25124,2569,4523
1/30/2011,72391.86,2199.26,53947.89,22894.61,584.05,405598,53545.93,94960.07,87807.6,38650.4,832579.67,20940.48363,31146,49093,3799,4523
1/31/2011,65952.81,3092.67,75370.8,22205.64,404.95,249581.22,52638.82,92333.82,75124.41,23971.42,660676.56,28548.22322,43200,79303,5510,4523
2/1/2011,59729.03,2576.28,27332,17850.09,0,178926.33,47861.43,93894.65,79399.46,18298.46,525867.73,34254.92799,21544,20428,5924,4687
2/2/2011,33471.15,1124.54,17683.89,7983.85,0,60022.63,25707.38,58357.31,46329.89,9176.82,259857.46,34137.71173,18799,15544,3345,4687
2/3/2011,31384.92,1096.69,15279.56,10279.87,0,85387.7,25258.42,51890.14,40809.67,9497.21,270884.18,32028.73314,18701,14376,1957,4687
2/4/2011,23939.65,764.27,13819.99,7120.79,0,69440.28,20630.21,47680.99,32722.88,7234.28,223353.34,30641.67576,20247,12342,1992,4687
2/5/2011,30144.14,944.69,14916.13,7540.93,0,72982.59,23158.46,57813.61,37570.11,8922.08,253992.74,31720.33836,19746,13447,1579,4687
2/6/2011,37044.21,1015.96,19771.09,11246.18,0,140939.19,29745.83,70420.89,50017.41,18920.43,379121.19,37914.70445,22055,15205,2235,4687
2/7/2011,36102.89,1214.1,21234.61,16147.32,18.39,135127.79,31013.84,69756.83,50230.64,17100.07,377946.48,35292.71357,19944,15619,2639,4687
2/8/2011,30060.48,840.63,17941.02,8643.06,60.05,86122.31,20579.45,51714.36,41515.23,14516.19,271992.78,31157.97726,17219,18269,2641,4687
2/9/2011,34708.06,1437.75,22629.19,17916.8,125.37,262022.19,29014.27,60007.14,52306.6,36466.4,516633.77,21748.43393,16867,18482,3093,4687
2/10/2011,24096.84,869.38,15694.05,10401.71,63.39,135009.85,23760.25,50595.62,37854.62,14148.12,312493.83,16787.30999,17248,13033,3407,4687
2/11/2011,24865.81,918.72,11479.7,7234.84,516.64,81581.9,18866.27,44212.9,25743.06,9009.14,224428.98,14003.55018,16938,11263,2391,4687
2/12/2011,24652.49,784.98,14258.26,5543.44,970.12,80976.06,19043.92,43862.03,28217.53,7095.84,225404.67,15332.32989,14838,12782,1289,4687
2/13/2011,30699.07,1176.16,15066.86,9217.27,516.57,104542.31,24432.77,57344.46,39995.55,8468.85,291459.87,17478.82953,13732,16662,1850,4687
2/14/2011,28280.36,1323.7,14286.74,11164.31,1120.57,136502.56,25292.4,48344.55,39724.4,13423.79,319463.38,16559.45021,10400,14841,2596,4687
2/15/2011,40639.26,1019.3,17328.05,13644.39,990.68,201189.27,33337.9,54220.73,52094.75,15044.16,429508.49,17368.09472,12675,19047,3125,4687
2/16/2011,43690.45,1086.06,21205.47,19314.36,1149.61,249109.18,37116.15,50367.9,52696.26,14088.41,489823.85,22319.69557,14194,11815,3713,4687
2/17/2011,25635.43,1316.54,12493.74,9962.12,1284.77,110261.76,19797.66,41520.69,36045.92,15906.46,274225.09,23735.40667,14523,10660,4358,4687
2/18/2011,22938.59,853.17,12930.07,7053.84,855.94,66256.12,16143.47,40411.85,26966.66,6706.12,201115.83,19118.45953,14221,10999,2041,4687
2/19/2011,23941.2,699.59,13615.87,10333.43,918.58,99521.6,18229.43,44503.46,33766.12,12034.26,257563.54,18729.71807,14040,10095,2096,4687
2/20/2011,35368,1579.49,27147.29,13148.88,1465.06,129646.54,27711.08,66806.27,46851.21,14909.68,364633.5,27639.65417,15093,21734,2074,4687
2/21/2011,42440.48,843.68,23296.42,15957.1,1009.75,192419.05,30938.02,82385.3,55668.55,23715.88,468674.23,24973.08694,14839,24308,3740,4687
2/22/2011,26145.97,1639.94,8692.23,12073.03,1272.14,87688.37,21441.91,57532.21,37277.53,11449.66,265212.99,18333.48733,14325,12920,3422,4687
2/23/2011,25466.69,1512.42,13309.49,7836.15,2016.18,67321.66,21002.34,47871.17,27469.95,9005.58,222811.63,17611.29454,13602,10158,2093,4687
2/24/2011,22646.92,1493.85,17110.26,7413.71,1812.39,70302.48,17215.56,43506.3,31357.18,8880.42,221739.07,15235.03787,13585,12694,1575,4687
2/25/2011,22845.06,759.55,13344.88,6262.2,1461.86,61838.52,18706.82,44217.11,32968,6725.76,209129.76,12317.14039,13810,11401,1838,4687
2/26/2011,24908.75,795.79,17267.86,7370.08,1273.58,53141.91,17566.73,60208.1,36739.2,6741.32,226013.32,10061.76462,16038,11652,1423,4687
2/27/2011,36076.96,1692.37,22465.05,9789.68,1050.95,66220.36,25971.62,78716.21,48077.41,8977.43,299038.04,15022.46629,20034,15959,1742,4687
2/28/2011,33492.28,1206,22097.05,10860.23,1639.84,91940.63,28026.11,65713.89,50879.83,12747.24,318603.1,15206.93114,20576,16511,2304,4687
3/1/2011,30362.41,877.15,17864.06,8572.87,2791.46,78410.37,26268.37,61755.59,40495.15,9706.02,277103.45,14219.54876,15052,12054,2582,13845
3/2/2011,29370.24,1381.01,20505.92,11217.29,2824.41,76928.16,28695.47,56241.26,42315.55,9420.78,278900.09,12609.49949,16636,13422,2324,13845
3/3/2011,27024.85,1127.32,16305.17,8904.41,1972.97,90684.12,23152.64,55510.09,37426.08,13498.19,275605.84,28956.23093,17164,10861,2420,13845
3/4/2011,18121.91,416.2,14705.97,4595.3,1850.32,81423.68,13624.43,44410.67,30241.27,24988.7,234378.45,41662.09854,17686,10848,2059,13845
3/5/2011,31777.93,783.28,18301.9,8049.66,1990.19,69836.2,19946.03,59438.88,35500.55,10169.57,255794.19,42148.17061,19700,11175,2004,13845
3/6/2011,43648.51,2418.17,22962.16,11404.41,2119.48,102243.74,30761.59,90685.46,56360.81,9504.77,372109.1,55531.49837,17625,15042,2125,13845
3/7/2011,40207.04,1403.44,25086.77,13679.16,1874.32,153608.97,28276.97,69612.31,51534.19,20601.88,405885.05,52112.4222,16354,15820,2808,13845
3/8/2011,36218.3,758.26,24485.9,12719.4,1438.03,137579.89,35655.77,65336.54,53983.48,13597.39,381772.96,41578.761,17006,15381,2185,13845
3/9/2011,41770.62,1216.39,27998.24,15197.69,2359.48,169305.77,37121.15,64743.64,62868.02,16059.81,438640.81,32131.57647,18029,17151,1534,13845
3/10/2011,23592.2,1153.02,15970.9,6489.12,1658.87,74683.06,18665.11,46159.9,35331.48,9250.38,232954.04,31158.76557,17927,14766,2342,13845
3/11/2011,17315.09,359.45,14984.45,4898.26,1619.56,48838.93,15971.4,38904.86,28769,6154.61,177815.61,23719.12253,18887,13071,1767,13845
3/12/2011,16491.8,995.62,17854.38,7036.07,1074.91,49257.14,17078.3,43206.11,26847.91,6296.22,186138.46,22064.36337,18178,13548,1347,13845
3/13/2011,23659.12,1022.37,21978.6,7741.5,2262.07,63147.87,20982.8,60729.12,38955.98,8474.89,248954.32,35587.98543,17135,16925,1668,13845
3/14/2011,26962,789.56,21745.97,9289.94,1918.49,106426.23,25358.57,60856.89,46675.95,14306.56,314330.16,36432.95653,15219,19361,2461,13845
3/15/2011,27118.22,753.01,41706.65,9065.66,1410.09,99733.38,27031.35,54950.73,47717.21,13808.05,323294.35,37499.22712,17880,29192,2514,13845
3/16/2011,26286.5,199.21,39201.6,10022.44,2426.52,95744.35,27893.46,56077.34,40671.29,10012.81,308535.52,35016.7601,15583,30850,2819,13845
3/17/2011,21285.1,781.75,32974.61,7322.93,2220.93,60706.51,19490.41,43931.92,36365.7,9257.87,234337.73,23919.67729,16913,28954,2427,13845
3/18/2011,18669.36,565.58,30296.8,7061.88,1697.25,54803.31,19924.63,37385.22,31592.19,6685.61,208681.83,9370.692625,18553,23756,2093,13845
3/19/2011,18236.23,310.5,30558.51,7237.94,2731.78,54191.36,20358.67,43080.08,31602.96,7135.31,215443.34,9620.672661,19303,25727,1763,13845
3/20/2011,31058.95,649.69,54025.98,9815.17,3237.09,79991.05,32067.5,72967.37,47206.55,10216.64,341235.99,9832.111092,18899,44297,2382,13845
3/21/2011,29392.87,1156.79,62553.7,14771.87,3780.27,125196.57,33012.73,64435.45,54045.62,14160.31,402506.18,11065.88468,20618,64675,3209,13845
3/22/2011,23802.16,712.03,27902.44,11784.14,1874.05,104475.72,39123.92,64708.47,55131.62,13338.22,342852.77,10924.2553,25141,25790,3594,13845
3/23/2011,32431.56,622.22,34187.46,15276.7,2773.25,112582.12,40477.5,72884.25,58393.53,12106.91,381735.5,10438.35762,27010,28853,3666,13845
3/24/2011,19065.41,615.51,21456.69,7037.71,3709.69,60456.57,22679.38,47862.24,33351.21,8009.94,224244.35,21717.62649,24787,19436,3330,13845
3/25/2011,18101.32,160.59,18820.79,5200.23,2213.71,49971.49,18857.41,45126.11,28926.26,4825.2,192203.11,27129.17293,31854,17829,1782,13845
3/26/2011,23475.06,209.73,20200.84,7401.88,1367.23,46633.51,20082.39,50930.53,32822.71,6440.66,209564.54,24045.43516,42857,16524,1643,13845
3/27/2011,44866.54,526.82,32713.92,14708.97,1696.97,147601.87,33156.72,86888.66,60753.1,15609.56,438523.13,24769.09462,40799,25137,2736,13845
3/28/2011,43519.63,1257.39,33509.78,12636.54,2456.13,153961.89,36532.72,73774.53,56086.13,16079.99,429814.73,21347.42289,43142,24760,3055,13845
3/29/2011,24227.56,236.45,23347.61,8611.02,2227.35,46404.97,19858.52,49652.62,37100.92,5761.83,217428.85,7906.399595,36986,23191,2889,13845
3/30/2011,23039.9,604.5,27159.94,7953.97,2779.06,47989.79,18214.64,47963.89,39046.25,5803.44,220555.38,11613.7441,28601,31026,1855,13845
3/31/2011,29074.39,664.23,34775.12,11918.93,2819.4,88659.97,25242.3,48827.53,48011.45,12955.73,302949.05,18135.76006,20929,49219,2464,13845
4/1/2011,21048.24,1360.34,19731.57,6928.48,1203.45,52860.95,19472.76,49417.26,36146.49,7952.78,216122.32,34372.24494,15930,8247,2359,9948
4/2/2011,25632.88,1414.36,19804.9,7739.36,1745.82,50772.51,22163.59,49095.32,32811.15,7522.36,218702.25,31212.26668,15239,8749,1598,9948
4/3/2011,36300.67,19778.95,24190.18,12196.29,1350.77,69717.68,29221.24,53857.32,47967.2,9535.05,304115.35,42509.40998,17058,11015,2020,9948
4/4/2011,36227.35,25211.9,22680.2,11446.59,1464.86,136744.63,30127.03,50544.62,52635.72,22496.9,389579.8,56871.1578,19757,10472,2959,9948
4/5/2011,33938.13,23968.22,23363.25,13440.45,1948.76,133210.36,32610.04,45490.69,49730.19,17074.51,374774.6,55466.11013,19268,11350,2785,9948
4/6/2011,47591.92,26025.35,23745.11,14711.79,2406.71,149096.3,34100.15,46378.46,66680.97,15474,426210.76,49668.02116,20751,12147,2617,9948
4/7/2011,24691.73,18048.39,15318.05,9531.09,1460.3,80602.58,22060.06,32488.51,34785.86,10871.9,249858.47,41804.23463,17644,8446,2277,9948
4/8/2011,21310.03,17369.82,14041.75,7877.44,1015.12,61050.87,19761.53,32051.21,32997.84,6299.33,213774.94,28515.01065,15957,7697,597,9948
4/9/2011,21500.39,17074.15,17768.85,6526.72,1118.61,57189.39,15714.42,35589.17,29475.56,5869.53,207826.79,27870.24824,16179,7800,396,9948
4/10/2011,33725.21,23132.65,23109.38,9397.27,1783.23,74809.75,27063.57,47625.43,43416.26,9113.4,293176.15,33658.95837,17044,9427,1151,9948
4/11/2011,31953.11,27648.1,22481.41,12539.94,2421.07,120250.06,30078.66,44066.97,51704.44,13945.6,357089.36,37868.51005,17713,9100,2276,9948
4/12/2011,31449.06,28001.83,24406.51,11800,1583.03,145818.8,30267.52,36201.92,54604.98,12233.91,376367.56,27760.80854,18706,11629,3018,9948
4/13/2011,36776.35,24785.07,31551.62,16255.17,1628.92,163289.59,38808.47,36694.77,58699.78,12249.22,420738.96,20588.57963,19300,14157,3315,9948
4/14/2011,23641.96,3687.21,19201.18,9788.55,1154.39,91855.47,27527.29,48199.3,41121.68,13059.28,279236.31,13768.32649,18059,10488,4185,9948
4/15/2011,24566.71,19283.69,19158.59,7908.47,1137.16,76816.5,18875.11,28619.83,31618.08,7620.84,235604.98,12326.33612,18221,10504,3327,9948
4/16/2011,23582.6,19956.58,23035.57,9594.3,844.32,68859.6,22855.86,39175.13,37124.42,7315.23,252343.61,12522.17951,18294,11342,2733,9948
4/17/2011,37287.03,28888.55,25151.47,11712.97,1356.87,100759.38,28233.4,47636,46167.41,10144.36,337337.44,15015.67996,19166,12450,2934,9948
4/18/2011,33178.39,29599.66,27199.52,13135.29,1777.76,77758.41,28226.5,44133.82,47439.46,8396.17,310844.98,23057.44964,21542,12426,3478,9948
4/19/2011,35655.34,33160.71,25322.9,10887.2,904.49,112171.94,25152,40387.52,42440.24,13452.43,339534.77,26904.95982,21419,12698,3087,9948
4/20/2011,28369.01,22534.81,27432.71,10146.13,931.53,87256.43,26203.79,38750.14,39285.06,10065.56,290975.17,28540.41984,23195,14125,2965,9948
4/21/2011,28000.18,19017.21,26940.54,11180.71,1511.68,115553.53,26869.82,40084.26,38607.82,12861.51,320627.26,24181.66995,23076,15561,2753,9948
4/22/2011,30388.59,16782.83,23651.78,8559.31,2276.25,103367.87,25118.3,43247.3,36056.03,8828.57,298276.83,16304.69978,21864,13256,1043,9948
4/23/2011,26302.37,16673.25,22135.46,9993.77,2482.82,71688.97,24417.59,39517.18,34329.92,9001.47,256542.8,12594.41004,20444,11405,888,9948
4/24/2011,32725.96,19051.16,25816.77,10565.13,1901.91,80240.99,27001.24,52532.09,47132.7,7251.23,304219.18,13551.17018,20829,11796,1510,9948
4/25/2011,46868.51,23617.44,37746.25,16045.06,3649.66,170778.23,40585.04,76506.34,76177.08,21036.32,513009.93,24738.4995,25285,18600,3538,9948
4/26/2011,48003.39,20366.37,40557.92,20921,4161.85,162493.88,42201.29,69769.21,74755.07,15971.34,499201.32,31092.9403,23505,18528,3268,9948
4/27/2011,57330.16,22764.53,48255.91,24067.31,5092.48,281993.91,48606.59,89467.8,84918.45,32894.73,695391.87,28026.96026,20483,18695,2134,9948
4/28/2011,57572.48,19543.85,49128.76,19834.26,6592.63,307952.32,50096.54,95894.94,97686.58,66889.68,771192.04,26175.82017,20367,19748,7522,9948
4/29/2011,24654.49,11248.03,27548.19,12460.49,5670.82,106847.7,24872.07,63458.79,49587.19,13488.32,339836.09,24093.41981,17197,13631,6320,9948
4/30/2011,37077.37,29837.75,38110.49,14750.65,9160.54,123911.06,38130.31,65839.22,62756.19,13794.24,433367.82,20679.1002,19773,15449,3071,9948
5/1/2011,72323.29,49675.6,58097.73,25520.72,2646.47,260690.5,58687.01,106814.77,102917.52,31875.22,769248.83,28058.31997,21967,23281,4638,3838
5/2/2011,53658.19,46734.82,41275.8,20783.08,1835.16,126743.38,43294.7,71279.37,77844.99,18051.37,501500.86,38128.44012,19589,19341,5542,3838
5/3/2011,53271.84,50975.09,49025.76,22424.73,1868.42,194969.27,47802.23,69705.19,80194.35,25082.84,595319.72,42336.68978,20757,20578,4379,3838
5/4/2011,36864.39,36187.12,29845.96,10301.58,3635.1,89584.77,30664.23,41561.4,49744.03,9379.75,337768.33,32818.88006,19391,17331,3951,3838
5/5/2011,31682.79,30882.63,26041.49,10323,2168.41,61233.28,26445.74,35380.97,41181.06,8907.93,274247.3,27844.38008,22540,15752,2920,3838
5/6/2011,28072.4,21079.05,22995.97,11259.63,1717.43,68195.87,25796.81,27600.66,38325.66,8215.69,253259.17,22614.39017,22711,13599,2823,3838
5/7/2011,24947.73,22469.74,23802.72,9034.92,1383.08,69219.87,19634.67,28828.53,26445.68,7834.62,233601.56,19894.72026,23342,13511,2275,3838
5/8/2011,42145.91,33398.96,33989.39,17344.95,1388.21,232664.83,32269.75,46258.16,56917.35,26747,523124.51,21810.77046,25227,15018,2505,3838
5/9/2011,64271.75,44151.22,44559.85,28555.05,1317.12,360397.76,49232.14,53952.24,83816.15,37884.68,768137.96,34868.14076,28063,18895,4854,3838
5/10/2011,38829.77,31209.6,31173.59,13258.5,2267.85,149723.25,31815.42,31821.04,48446.72,15536.34,394082.08,34831.92071,26843,16765,4611,3838
5/11/2011,40968.93,30850.32,31519.59,16002.01,1405.72,168751.07,34336.38,32033.34,52732.27,13304.29,421903.92,34205.21997,27640,17180,3965,3838
5/12/2011,29185.24,28724.79,26628.08,12124.03,3358.47,96131.32,24233.73,31220.57,40877.26,10498.62,302982.11,31044.55964,26972,13607,3899,3838
5/13/2011,25786.33,24464.09,27223.76,11356.48,2065.04,73656.02,28840.6,26309.12,36755.23,7583.5,264040.17,22480.3402,26351,14133,3209,3838
5/14/2011,29991.44,26322.2,33516.78,13889.11,2980.65,74567.66,25388.38,28657.96,36509.78,7851,279674.96,20756.25,26077,17826,2390,3838
5/15/2011,32262.03,57896.9,50136.6,8347.15,2507.22,143260.25,29332.22,30431.31,55522.25,43345.58,453041.51,29455.87022,28802,31528,3337,3838
5/16/2011,61558.77,42652.21,55828.77,16732.77,1979.34,151022.39,36222.15,46017.5,62388.04,16231.16,490633.1,32554.33015,30677,26472,4868,3838
5/17/2011,43728.87,49214.01,98642.85,20122.47,3660.58,170355.76,39102.93,40629.12,61890.75,14940.02,542287.36,32270.77018,29836,48812,5463,3838
5/18/2011,56804.81,50724.07,138996.39,24370.21,3125.21,208581.41,49164.88,39234.85,76842.22,18394.74,666238.79,30497.51072,30827,65027,5357,3838
5/19/2011,30165.24,29938.36,23618.24,13964.2,2381.4,113692.92,26512.18,26542.02,46899.47,12426.16,326140.19,34810.95932,24707,13998,5705,3838
5/20/2011,24335.95,24589.16,16184.54,8607.58,2270.69,70497.67,20900.38,24266.41,45402.11,8619.52,245674.01,27829.62982,23836,10688,2631,3838
5/21/2011,21940.3,20731.79,14950.99,7538.78,1837.49,66866.03,19760.09,22281.99,33632.87,7130.24,216670.57,22024.05019,22695,9675,2084,3838
5/22/2011,38250.15,34096.49,25126.29,14062.09,2415.31,141708.66,31030.83,36669.47,54828.68,14885.7,393073.67,29666.60979,25060,12713,2765,3838
5/23/2011,39499.24,40212.71,29499.24,15682.67,3113.8,162015.32,41250.12,34069.8,67615.42,16719.21,449677.53,35512.99032,28593,17515,3905,3838
5/24/2011,49643.59,37145.26,32772.68,22014.25,3499.28,202425.47,46225.58,36388.93,87617.11,14221.76,531953.91,28113.86021,28626,20227,5419,3838
5/25/2011,53666.36,32696.61,29122.76,24213.79,2697.54,286028.02,62147.82,33578.18,103690.9,18164.39,646006.37,23995.95003,26019,13080,5641,3838
5/26/2011,31855.38,32715.57,21222.32,13275.6,3075.26,126116.41,28485.5,28683.06,55207.48,16387.67,357024.25,22725.77989,26340,11780,5843,3838
5/27/2011,30794.89,24247.74,18569.04,12813.85,2681.58,78318.72,35678.74,27485.03,34955.24,6439.82,271984.65,17299.8601,24794,10799,3653,3838
5/28/2011,23231.53,24079.73,17426.3,8481.78,2499.08,88735.73,17859.87,26299.09,31822.15,9870.47,250305.73,14695.03002,24807,11039,2589,3838
5/29/2011,24644.62,24969.79,18961.31,10066.51,1832.09,94298.19,22264.05,25669.97,39543.11,9511.03,271760.67,16178.17006,26223,12642,2297,3838
5/30/2011,41370.06,40941.36,33714.52,19568.67,3452.1,233473.41,37398.05,38451.67,61894.44,25740.87,536005.15,19615.8003,29340,23114,3735,3838
5/31/2011,39402.16,41929.55,35988.07,16790.77,3942.79,133160.04,37349.7,40990.71,64643.12,12904.98,427101.89,26927.61875,34498,26839,4835,3838
6/1/2011,37858.82,43279.26,25150.55,14937.68,1607.55,141179.46,39581.07,36808.68,66645.13,15587.5,422635.7,26690.37004,33584,15888,4249,10726
6/2/2011,38382.69,37212.3,24231.57,13498.9,2021.06,116543.16,32169.87,33166.45,60009.5,11651.7,368887.2,21924.16004,31939,13663,3855,10726
6/3/2011,37451.58,34948.49,20883.82,11689.36,1064.4,114783,29918.89,32142.58,50877.37,12566.12,346325.61,19510.52001,31180,12051,3452,10726
6/4/2011,34289.98,29126.11,19092.7,10748.3,1252.89,89453.97,28331.35,28173.39,42754.8,9046.89,292270.38,17470.56988,28738,11613,2684,10726
6/5/2011,43298.65,44788.93,24240.66,13612.37,1015.68,127279.06,40376.88,42796.17,62773.74,11884.01,412066.15,21847.99921,30578,13694,2967,10726
6/6/2011,48045.98,55285.97,28673.22,17610.2,1781.59,180406.2,43902.03,46031.18,80061.84,21006.3,522804.51,27272.73996,32185,14133,4043,10726
6/7/2011,55691.08,49878.06,31653.14,22385.05,2515.57,183858.73,46328.9,42121.21,74492.31,15906.63,524830.68,27393.03003,31183,17284,4547,10726
6/8/2011,67164.9,59961.53,40784.38,25042.59,2251.21,298517.97,63007.82,51808.04,91506.78,27716.81,727762.03,26343.38515,31141,20259,5680,10726
6/9/2011,76880.89,75498.56,48822.87,35797.11,2867.36,419898.06,75837.83,51507.21,107057.74,37507.62,931675.25,26357.42019,33837,23872,7737,10726
6/10/2011,38179.73,43608.18,25505.81,13798.37,2209.67,126706.91,28245.22,33226.56,48179.77,15610.61,375270.83,20096.95992,29361,16079,7292,10726
6/11/2011,34334.65,40561.82,29999.28,13382.14,2556.27,107698.24,30868.14,35661.34,48078.02,11657.23,354797.13,18536.91984,28443,17643,2625,10726
6/12/2011,57466.79,61940.45,38894.55,22478.52,2553.66,178942.79,47919.88,56675.72,79574.28,18368.69,564815.33,24131.71005,29431,23146,4005,10726
6/13/2011,53369.48,67400.21,35740.07,24156.49,3120.2,192010.04,47223.16,54201.43,89304.76,22431.7,588957.54,30670.31029,30640,17116,4547,10726
6/14/2011,63856.33,73254.58,36993.44,25972.76,4160,250565.84,55069.55,59276.65,88040.59,28626.4,685816.14,30731.62459,28869,18647,5601,10726
6/15/2011,44377.26,43688.43,25834.45,14172.4,2476.01,98055.78,34677.94,37875.31,60525.04,10004.95,371687.57,27595.38998,34266,16023,3963,10726
6/16/2011,32071.09,37132.2,23556.44,15141.33,3303.15,140520.14,27428.79,30123.97,47712.09,18254.28,375243.48,24958.33005,33071,14715,3854,10726
6/17/2011,25178.06,31401.08,21844.58,12467.52,2525.63,95621.95,24846.53,25454.53,41301.96,10375.5,291017.34,20325.12013,24832,13655,3224,10726
6/18/2011,25832.47,27351.75,21445.72,9797.02,1386.59,80044.93,20047.24,26631.58,32511.39,6186.67,251235.36,17563.29995,23085,13886,2528,10726
6/19/2011,30887.3,31827.45,26342.93,11806.71,2842.42,100908.7,23101.47,31199.18,43133.18,8836.45,310885.79,21094.79994,23830,16518,2318,10726
6/20/2011,46879.1,44483.81,38397.78,17451.07,2928.28,199644.07,35186,37875.48,64634.43,19416.4,506896.42,30560.26005,28427,22356,4139,10726
6/21/2011,51111.47,40621.93,34499.4,18939.06,2898.44,228411.93,40124.07,33786.27,69213.1,17248.99,536854.66,33094.46001,25899,19844,4192,10726
6/22/2011,62902.1,42184.04,44679.85,27920.37,3778.58,341653.66,58070.04,34786.75,90376.98,16764,723116.37,31360.33047,25773,23321,6051,10726
6/23/2011,25102.9,31791.79,24103.77,7115.48,3396.74,106913.1,22596.34,27245.73,45287.57,30236.65,323790.07,34710.10027,25638,16837,5562,10726
6/24/2011,27728.08,31541.97,26099.02,8361.1,2774.51,75011.17,20137.64,30116.94,46424.76,7595.2,275790.39,23616.12977,24811,17363,2605,10726
6/25/2011,27638.08,27777.77,28279.01,9610.06,3271.2,102170.7,20604.97,25892.53,34774.07,11982.61,292001,17817.12184,22965,20418,2101,10726
6/26/2011,41652.15,38968.76,41123.04,16307.48,3902.65,147200.54,30841.64,41341.58,60844.04,18261.31,440443.19,23004.03988,23411,33626,2533,10726
6/27/2011,45811.88,44451.9,56362.75,18426.43,3664.75,171706.66,35450.5,41273.38,73139.62,24298.12,514585.99,26066.63018,25204,52034,3840,10726
6/28/2011,41666.42,6060.55,77230.02,17259.58,4855.45,104224.72,33758.99,76256.49,66408.62,17578.73,445299.57,12586.22007,25407,73354,4013,10726
6/29/2011,45846.29,8228.05,50960.86,18027.95,5479.65,100205.06,34133.39,72103.52,70397.08,18383.71,423765.56,9366.999981,22924,29949,4289,10726
6/30/2011,34952.94,37880.9,60250.6,15045.05,3582.25,92801.85,30113.58,33448.53,49941.07,17554.43,375571.2,10193.41014,26635,35181,3581,10726
7/1/2011,26893.07,25319.96,16429.91,9072.52,1254.19,55579.3,22442.37,31155.93,40911.02,7621.65,236679.92,12241.15013,12508,11348,3231,4575
7/2/2011,19876.91,20427.77,14024.31,8716.95,1121.73,40381.27,15219.27,23036.19,31325.65,6020.36,180150.41,12428.55962,11681,8395,2000,4575
7/3/2011,25518.99,24228.48,15458.3,8072.95,1064.55,66785.06,19056.74,30041.06,36202.42,8378.52,234807.07,14614.03997,12333,9167,1844,4575
7/4/2011,40333.8,26505.22,21000.14,12464.07,1831.04,99300.6,26068.21,35728.88,45494.77,11849.27,320576,17784.79989,13552,10648,2452,4575
7/5/2011,47563.77,42599.47,27175.98,19261.68,1534.62,198974.17,37897.62,44318.94,64484.25,20345.1,504155.6,31496.63025,18992,15010,3203,4575
7/6/2011,43764.76,40665.53,25204.4,13349.17,2270.93,129331.1,33869.87,43664.26,58780.16,14728.33,405628.51,39370.64057,17254,14918,3982,4575
7/7/2011,37520.34,32805.19,18941.09,12115.05,2040.56,93367.16,22392.38,33085.78,51318.59,12265.12,315851.26,36077.22984,14716,11986,3052,4575
7/8/2011,33109.67,29606.46,18410.04,11178.35,1732.35,81268.19,20533.44,29821.67,37804.5,6752.73,270217.4,24440.74996,17336,10700,2655,4575
7/9/2011,31505.21,27233.84,18353.64,8247.51,2078.38,65715.94,20767.48,27845.41,37966.66,8264.96,247979.03,19842.96984,12272,10535,2196,4575
7/10/2011,45313.27,36245.93,25214.24,10455.17,2063.38,82543.11,28930.21,35024.52,50697.23,10265.06,326752.12,24638.90989,13625,13601,2309,4575
7/11/2011,49336.89,41801.1,27010.72,15361.55,1857.95,111701.77,33182.86,37579.78,70957.12,12849.46,401639.2,32947.51948,16247,15844,3038,4575
7/12/2011,51951.14,42769.15,24839.13,18820.5,2727.59,152154.38,36621.75,35362.29,69158.7,14319.5,448724.13,30713.52984,16709,13477,3973,4575
7/13/2011,63802.03,41516.62,32961.43,24035.35,2584.97,201953.25,50131.76,31746.59,88685.2,12555.29,549972.49,28977.89997,16481,12788,4266,4575
7/14/2011,36669.35,33558.94,18063.52,13047.95,2558.34,68693.31,25453.06,29251.07,51684.56,7647.32,286627.42,24176.45996,15369,11163,4477,4575
7/15/2011,38320.29,33277.14,19223.88,9168.99,1937.32,60015.43,23685.37,27232.14,47348.71,7382.14,267591.41,22754.06994,14637,10586,2363,4575
7/16/2011,37174.74,32149.01,19342.97,11500,2442.53,57165.59,23513.32,33007.84,48016.09,6252.55,270564.64,20480.43979,13250,10401,2413,4575
7/17/2011,65811.23,7789.79,27633.18,15734.01,2816.44,106327.09,35313.03,85711.49,67960.09,14810.02,429906.37,27201.97948,15315,11667,2855,4575
7/18/2011,45572.07,43460.59,22574.56,15972.45,2594.92,132546.78,30628.08,39068.02,59814.81,18095.49,410327.77,35349.38987,17688,13231,3954,4575
7/19/2011,44526.9,39570.91,22067.36,16387.05,2387.55,131895.31,31891.89,30695.37,66233.78,14465.8,400121.92,34902.04981,17705,13128,3521,4575
7/20/2011,57738.41,42951.86,24859.75,20981.78,2675.52,261660.35,40970.6,34611.11,79823.02,25056.23,591328.63,31559.45033,16743,12716,3949,4575
7/21/2011,41334.46,37536.03,20373.01,13589.77,3046.05,116808.14,27045.96,29775.91,56083.87,13304.08,358897.28,26157.74007,16744,13982,3948,4575
7/22/2011,38897.99,31413.38,20483.13,12491.19,2977.41,96243.7,28636.87,26747.45,48054.85,10365.12,316311.09,23278.21994,15878,12747,2807,4575
7/23/2011,33352.14,29633.46,18952.21,13729.94,2177.32,75166.94,24377.65,24891.96,44993.71,7432.77,274708.1,20445.60004,13739,11338,2324,4575
7/24/2011,49312.54,37488.88,23169.4,16580.2,2884.69,101299.51,34682.88,38672.15,66382.84,11646.07,382119.16,25688.44035,15811,13724,2852,4575
7/25/2011,52751.15,44765.36,28823.12,20858.75,3303.26,170452.13,39289.43,43315.6,83080.89,19056.77,505696.46,33969.80075,19836,19043,3751,4575
7/26/2011,58887.6,45252.23,34152.76,24719.4,3599.44,198821.48,50792.93,41039.5,85885.29,14843.48,557994.11,30906.03054,21169,29208,3780,4575
7/27/2011,74222.96,57789.36,46672.95,35011.06,4043.12,269925.48,53641.13,45390.95,113384.7,20645.13,720726.84,27442.62966,23310,36492,5554,4575
7/28/2011,43142.92,38466.48,29931.1,16815.52,2974.73,161251.38,32126.42,34586.03,63398.61,13925.21,436618.4,25655.76021,22170,28447,5455,4575
7/29/2011,37198.35,35968.72,31275.82,16989.36,3425.33,119840.25,29125.39,28153.94,53923.9,10497.54,366398.6,23227.14997,21465,29280,4265,4575
7/30/2011,36153.9,31066.77,32853.36,11862.28,3735.31,102569.19,25761.41,26759.84,48415.64,9912.59,329090.29,20727.63006,23358,36235,3103,4575
7/31/2011,57654.68,44023.58,67786.87,21678.61,4858.63,141054.38,42587.18,36596.17,75957.35,12573.75,504771.2,28386.60018,33245,82079,3949,4575
8/1/2011,59994.26,48672.64,44854.75,26077.02,2179.48,233580,51054.55,38676.58,86951.64,24532.32,616573.24,35778.67958,26723,50648,5259,3039
8/2/2011,58500.15,44107.17,25490.81,24839.83,2135.96,247150.29,44516.11,34198.22,76140.21,16397.25,573476,37920.71979,21414,12428,5535,3039
8/3/2011,79474,46975.91,30622.15,38098.49,2118.06,401113.51,65330.06,40525.22,96874.84,21054.71,822186.95,35957.26034,19640,12346,6206,3039
8/4/2011,36316.75,33350.37,17290.42,15711.67,2632.76,110576.87,27114.1,29453.26,54903,9967.41,337316.61,33819.20007,16859,10731,6346,3039
8/5/2011,32610.68,26954.01,14780.11,11251.17,2168.4,84381.71,22205.92,28509.33,38225.86,8804.28,269891.47,33768.50046,15863,9455,3025,3039
8/6/2011,34419.93,30073.99,17213.73,13024.14,1881.34,70076.26,23079.18,26578.55,36978.47,6332.89,259658.48,30018.00979,14893,9290,2435,3039
8/7/2011,47449.81,37159.3,18681.44,17056.25,2153.13,96434.84,31796.99,40472.48,53850.15,9879.5,354933.89,46715.1099,17180,11636,3070,3039
8/8/2011,43347.05,40291.83,23461.14,17189.84,1651.29,141593.34,34798.67,37732.37,62191.99,14290.63,416548.15,50770.31,18200,12284,3842,3039
8/9/2011,47990.21,41682.78,25392.51,21004.38,1890.83,159805.41,37539.73,34110.05,60315.73,13181.49,442913.12,48078.57883,21238,17685,4609,3039
8/10/2011,47332.08,40484.66,25299.19,22521.44,2919.56,181095.4,36428.99,34823.75,60284.58,13118.9,464308.55,45079.58061,22550,17449,4711,3039
8/11/2011,34622.21,31434.79,16381.01,14113.14,1988.09,133992.44,22808.4,27965.84,43215.11,11295.56,337816.59,36499.24046,17383,10051,4569,3039
8/12/2011,29731.69,26888.73,15395.65,10633.75,2067.3,94899.01,28299.12,25156.81,36431.57,7327.97,276831.6,29505.48969,14547,9331,3592,3039
8/13/2011,31783.19,27596.6,14693.27,10260.24,1634.48,81759.87,24487.89,28584.55,37365.98,8863.12,267029.19,26901.82031,13271,9568,2642,3039
8/14/2011,45151.17,44523.93,20618.99,18415.26,2419.05,111971.64,32882.97,41366.9,56341.79,11697.22,385388.92,34867.88923,15157,11482,3666,3039
8/15/2011,52561.59,40844.8,26313.53,21442.17,2036.92,185325.73,38533.66,38686.9,62317.14,17557.38,485619.82,41684.23111,17852,13807,4663,3039
8/16/2011,45944.57,42943.68,23849.58,21451.46,2690.5,184336.5,38389.97,38986.91,60374.3,13309.87,472277.34,39776.02004,17761,12809,4799,3039
8/17/2011,56058.38,48362.92,27841.94,27279.93,2457.27,228755.56,45510.47,37425.41,73743.76,16969.74,564405.38,36980.33963,17974,13971,5322,3039
8/18/2011,35045.18,30738.31,18664.49,14594.62,3070.87,141300.68,27116.59,32274.19,44437.26,11321.17,358563.36,35109.00981,15807,13817,5262,3039
8/19/2011,32714.89,30157.24,18246.72,12535.78,3231.05,109540.84,22222.98,28721.18,35827.53,8421.53,301619.74,31086.85976,14463,11626,2946,3039
8/20/2011,31103.06,25062.14,17867.28,10347.91,2240.58,107098.15,27479.39,29389.81,36939,7122.96,294650.28,28008.72055,13473,10206,2533,3039
8/21/2011,42685.98,36925.43,21628.86,18708.23,2264.28,224663.33,35616.38,38820.11,54063.89,14938.78,490315.27,36935.05067,16039,12037,3158,3039
8/22/2011,45522.56,36875.77,24416.06,22545.47,2524.02,255268.1,39375.35,37574.4,63043.05,15625.04,542769.82,48711.45973,18495,15021,4105,3039
8/23/2011,60743.95,36715.79,26499.27,29591.79,3074.57,347797.75,49259.6,33150.7,68616.2,15118.99,670568.61,46766.24015,17814,13498,4376,3039
8/24/2011,78610.53,37277.44,31926.01,39882.14,2569.64,654482.04,60087.02,31121.01,95319.78,25818.76,1057094.37,35573.0902,18893,12428,4367,3039
8/25/2011,32798,30414.12,19293.1,11906.35,2769.87,118432.28,22757.44,29440.34,45035.7,9159.15,322006.35,32571.63982,20455,10535,6597,3039
8/26/2011,27837.24,26095.25,15373.77,9918.13,1263.35,78962.14,21301.91,27244.33,38393.01,6023.47,252412.6,27102.36966,19897,8879,2706,3039
8/27/2011,21089.67,5589.79,12596.54,6804.14,1062.37,95869.69,17449.54,39696.89,37779.5,34347.75,272285.88,27594.31999,14974,8385,2563,3039
8/28/2011,43529.01,41208.66,21514.13,14393.27,2524.98,130114.59,26169.79,42926.58,52383.07,11927.22,386691.3,32735.02946,16892,11399,2790,3039
8/29/2011,38926,36343.82,21594.22,14220.07,3285.37,121567.28,29704.62,34744.75,50096.42,9165.26,359647.81,34644.47034,19298,13519,3438,3039
8/30/2011,37040.41,36834.93,26011.57,13691.09,4240.53,130421.79,30075.68,32977.8,52374.89,9241.04,372909.73,36938.03999,19821,15988,3569,3039
8/31/2011,41445.08,36245.35,32414.69,18752.27,7326.2,166119.94,34922.45,33032.9,59781.29,12489.17,442529.34,35805.18958,23382,22099,4155,3039
9/1/2011,28123.89,31490.68,18450.64,11633.83,1199.1,131636.65,25339.65,27296.77,40200.48,13146.78,328518.47,32741.86969,16991,11502,4266,5445
9/2/2011,32120.09,27892.34,16933.03,10436.04,1358.77,90444.97,25830.89,25279.42,46164.49,8883.73,285343.77,27785.12001,14298,10072,2975,5445
9/3/2011,26976.93,26060.12,17228.65,10150.73,617.84,78098.98,23096.54,28363.77,38602.73,7872.15,257068.44,25927.33035,14113,10329,2426,5445
9/4/2011,35414.06,32135.62,20725.31,11414.2,1248.25,105116.13,30776.1,37010.62,43047.32,10078.09,326965.7,31422.24998,15173,12068,2463,5445
9/5/2011,62595.89,57571.85,33886.01,22181.49,1644.6,233259.42,56852.44,54002.2,74613.61,19191.49,615799,37616.53003,19707,16759,4532,5445
9/6/2011,59608.44,48716.55,33296.96,39399.65,1654.17,560758.4,59524.06,48121.5,88888.34,36986.3,976954.37,42095.14966,22547,18128,6080,5445
9/7/2011,61497.01,50377.55,29496.04,23145.78,2069.43,224301.01,59282.93,45403.45,69503.23,17771.72,582848.15,39593.03987,19618,16667,6404,5445
9/8/2011,27582.15,29599.82,18298.23,8004.15,2217.61,98002.93,23990.91,27101.5,35912.9,8681.3,279391.5,34632.68082,15171,12089,4310,5445
9/9/2011,25515.59,21674.46,17914.81,9700.89,1448.87,73178.14,19970.46,21831.83,28860.96,6889.79,226985.8,27993.35014,14626,10700,2493,5445
9/10/2011,23350.91,26920.67,16558.98,10272.5,2092.96,61481.75,22288.97,23238.49,32107.79,6300.42,224613.44,23904.04029,13953,11358,2103,5445
9/11/2011,35423.63,34053.33,24029.11,12531.49,2515.36,91760.72,28044.96,32662.58,44028.29,10869.19,315918.66,29861.91955,16101,16368,2729,5445
9/12/2011,34845.57,32944.86,25423.67,12794.17,1656.89,132534.91,29899.8,31203.41,45323.13,11868.42,358494.83,34198.61965,17486,16770,2951,5445
9/13/2011,34581.77,29682.33,21117.58,15285.03,1989.21,134853.93,30687.05,24778.11,46582.35,13188.64,352746,33474.47983,15667,13210,3455,5445
9/14/2011,39740.95,32302.54,19332.45,16033.96,2087.55,171463.36,35326.27,28571.43,53258.48,9537.45,407654.44,29450.39016,16246,12603,3496,5445
9/15/2011,34408.95,34832.34,21517.7,16460.07,1819.29,184577.33,28429.37,32110.11,45194.65,16860.5,416210.31,26356.48986,16124,14249,4485,5445
9/16/2011,29563.76,22800.88,20275.61,10334.34,1778.48,133503.12,23811.87,20127.9,40580.84,11113.95,313890.75,21522.78984,14452,12788,2637,5445
9/17/2011,30684.02,23379.03,19653.34,9784.38,1494.12,144460.22,24526.75,23563.75,32577.17,13365.42,323488.2,20684.15978,13216,12603,2094,5445
9/18/2011,41917.75,5818.61,26973.95,17557.27,2308.19,182830.09,37811.59,57259.05,58109.46,22641.59,453227.55,27157.59043,15767,16410,3215,5445
9/19/2011,42691.06,31720.79,31441.26,20879.34,2548.03,281644.84,42484.89,30434.6,61527.01,24920.53,570292.35,31075.19011,17849,19980,4114,5445
9/20/2011,53325.55,29289.25,35665.1,25694.59,2653.99,383745.97,45599.24,30753.19,67760.87,26994.13,701481.88,29923.50039,17919,22582,4370,5445
9/21/2011,77086.93,36396.93,46617.1,42792.97,2114.4,828238.4,71594.77,31114.5,100610,45086.31,1281652.31,27764.7696,20042,24187,5721,5445
9/22/2011,30887.4,27184.91,24755.62,11461.5,1871.21,129475.92,24752.02,20628.68,41493.27,18985.54,331496.07,24986.41007,18654,22480,5453,5445
9/23/2011,28589.58,24126.28,25243.71,11389.83,1796.19,99990.54,29453.75,21214.93,35893.41,16147.03,293845.25,21829.14014,19353,23159,3033,5445
9/24/2011,30310.98,25252.16,30569.77,13649.35,1243.36,100013.79,25327.24,24825.44,36160.33,18528.59,305881.01,21496.39994,20629,27418,2852,5445
9/25/2011,50234.83,45973.05,57546.78,23641.7,1873.47,267378,48067.62,45596.31,66770.94,20678.67,627761.37,27052.65984,28800,57747,3750,5445
9/26/2011,45503.3,41072.9,68969.5,20466.81,3314.32,234246.57,38661.46,37214.56,66724.19,22519.03,578692.64,31275.30026,31588,82593,4554,5445
9/27/2011,38032.79,34381.41,30964.19,18357.09,2597.64,188203,32299.77,32381.02,52864.45,19124.82,449206.18,28685.09038,22491,23405,4489,5445
9/28/2011,55336.53,39479.66,32599.27,28963.35,2892.12,430517.72,50793.64,36408.7,78937.53,30320.9,786249.42,26160.90986,23831,20720,4167,5445
9/29/2011,35151.49,23211.99,20990.2,10468.79,3545.68,83894.38,22957.43,22536.56,36139.89,9771.52,268667.93,23494.69033,22452,12963,3489,5445
9/30/2011,30373.94,27044.5,23920.22,10573.36,5682.72,93968.92,25072.08,23154.97,42194.7,15337.83,297323.24,17539.05021,16289,14465,2482,5445
10/1/2011,28041.19,24898.67,19611.48,8259.43,729.29,64627.47,24051.7,26434.6,33688.21,13475.96,243818,17925.42976,25534,11085,1256,94937
10/2/2011,43612.09,39072.86,27057.85,14179.2,1272.96,124134.84,36366.08,40341.77,56384.73,23895.5,406317.88,21265.81,29198,13758,1492,94937
10/3/2011,34423.61,53556.61,25008.98,10433.37,1777.44,138755.57,33225.11,24264.67,60194.29,38158.81,419798.46,35567.45978,30612,14120,1822,94937
10/4/2011,25633.91,48343.59,20902.85,8054.56,1472.73,178576.03,23080.64,18688.78,52901.98,46640.83,424295.9,37355.82018,29851,13225,2374,94937
10/5/2011,47630.91,42550.72,29781.32,19982.28,1735.83,253829.85,46709.31,38456.02,68858.6,19497.41,569032.25,31403.81981,30526,14833,3282,94937
10/6/2011,30071.87,27395.62,20622.95,11865.49,1481.04,87383.67,29146.08,28159.48,39348.42,9569.06,285043.68,27084.34013,23259,11014,3781,94937
10/7/2011,28309.33,26263.98,17461.74,11717.49,1374.02,62891.74,22596.67,26445.9,30629.25,7886.68,235576.8,23337.46018,21921,9929,2861,94937
10/8/2011,24729.85,26046.73,18417.33,9891.83,1147.74,64685,26153.17,26923.28,28273.26,8046.11,234314.3,22567.89993,21372,9999,1994,94937
10/9/2011,38708.82,38144.88,27336.9,14051.4,1254.38,88332.38,29344.49,41692.08,46068.35,11194.54,336128.22,28854.87969,25533,14160,2516,94937
10/10/2011,47747.2,48899.63,30467.09,17445.72,1473.89,146044.46,37841.31,41738.55,54999.44,16791.12,443448.41,35419.97991,28565,15165,3522,94937
10/11/2011,44931.12,40765.65,26841.14,15017.99,1641.02,136452.84,40570.11,39968.5,53787.92,14057.36,414033.65,36377.30971,28628,14130,3941,94937
10/12/2011,51074.62,43178.5,32766.66,19361.88,2298.95,158202.93,50330.98,39306.25,65680.56,12915.03,475116.36,37521.50039,29020,14652,3656,94937
10/13/2011,35624.45,31897.69,24168.28,16572.9,2142.56,170717.41,35126.69,29035.44,48656.34,13066.86,407008.62,32606.27965,26768,13457,4367,94937
10/14/2011,33879.97,29191.11,21398.74,14835.47,3233.62,115580.58,29011.65,29543.38,41509.23,9969.42,328153.17,26912.00976,25982,12321,3802,94937
10/15/2011,34181.27,32473.48,23515.37,12593.15,1794.83,110268.46,27622.07,32971.38,35431.43,7529.08,318380.52,24833.31026,24372,13849,2865,94937
10/16/2011,46905.88,46280.67,30522.6,17781.06,2347.42,147148.27,41343.63,43280.72,55288.89,14012.24,444911.38,32610.05009,27899,16120,3440,94937
10/17/2011,50136.01,48859.67,31270.52,24784.24,2283.15,224437.56,41197.51,38484.35,66087.81,16250.26,543791.08,35474.54967,29004,16049,2878,94937
10/18/2011,55319.77,41102.6,32447.98,21271.12,2213.29,258323.25,48099.52,38179.56,66960.88,17357.85,581275.82,30167.82995,29349,18803,2194,94937
10/19/2011,77204.09,55635.62,40036.76,33679.25,2239.06,534229.5,74125.78,44894.61,99079.69,28635.44,989759.8,26701.13013,29292,18190,5152,94937
10/20/2011,33571.43,37270.84,27391.05,15232.53,1589.21,134961.16,34197.5,29218.97,49208.45,12339.24,374980.38,23624.8203,26950,15678,6130,94937
10/21/2011,32354.18,36409.79,29169.26,10769.86,1747.11,89452.94,28228.06,23780.1,39499.48,8110.99,299521.77,12781.29996,25699,18723,2774,94937
10/22/2011,35367.53,33151.33,30927.37,10941.51,1846.37,91493.11,28326.54,31147.91,40122.13,8399.53,311723.33,14118.77989,24283,19838,2221,94937
10/23/2011,50222.07,6268.22,44057.13,18974.26,4273.55,117523.86,50768.35,85712.94,62709.34,11246.42,451756.14,23577.03,28491,26652,3188,94937
10/24/2011,55573.62,53766.33,45482.19,19305.1,2830.45,192834.18,51893.34,41835.78,70985.81,16870.63,551377.43,26113.87043,33095,31064,4195,94937
10/25/2011,58314.09,58597.21,51843.63,23685.04,3203.39,192045.07,57608.62,39430.24,70715.42,14029.23,569471.94,24413.03,34447,33395,4785,94937
10/26/2011,75316.73,60389.9,67201.59,27477.92,4629.1,248513.11,68313.65,43559.69,83835.59,21119.6,700356.88,31647.33008,34119,37465,5637,94937
10/27/2011,44628.91,41400.59,72565.19,15671.78,3620.38,162777.09,35762.53,32001.66,55772.39,14879.8,479080.32,28992.51948,43505,61866,5801,94937
10/28/2011,36385.85,39564.25,87159.12,12869.18,1762.54,121782.35,31933.83,29094.46,43268.03,10939.18,414758.79,27528.46008,39687,64298,3881,94937
10/29/2011,50267.52,39726.3,32435.18,14936.51,3605.32,116791.36,33154.56,37739.09,43588.71,11513.52,383758.07,29272.35983,30381,21376,3639,94937
10/30/2011,64003.54,57694.65,41010.57,19438.26,4372.7,146120.68,53916.45,52610.23,64349.65,15430.97,518947.7,42019.00992,34461,20883,3172,94937
10/31/2011,54159.69,56500.53,38062.55,19224.85,6048.48,154413.25,45512.18,38035.82,67284.87,13266.09,492508.31,46417.38025,47131,29184,4079,94937
11/1/2011,66878.12,64346.25,36456.23,21465.01,1950.44,236646.47,54001.61,47157.74,86243.21,19761.99,634907.07,59069.39982,39068,19768,5050,112738
11/2/2011,90386.67,75612.02,48420.92,32398.85,2606.08,448618.12,77545.25,51733.2,96978.53,30285.26,954584.9,56904.21041,43320,24773,6196,112738
11/3/2011,90311.3,76973.01,43938.8,33664.16,4838.66,354610.49,87288.24,51114.21,90893.03,23462.86,857094.76,39660.0501,36631,19074,7724,112738
11/4/2011,51812.26,44279.15,28367.39,19825.41,3827.21,191577.83,44732.69,31849.6,59697.06,12944.32,488912.92,31857.1198,33824,16029,7063,112738
11/5/2011,64782.51,58404.51,36403.62,23336.11,2072.07,195820.69,52381.81,49406.39,58157.98,16426.39,557192.08,44943.73992,36006,19476,4302,112738
11/6/2011,98032.51,86267.88,46151.58,37762.96,2569.73,413226.13,84341.73,67634.52,89372.06,31155.53,956514.63,76013.51017,39642,21114,5374,112738
11/7/2011,121959.97,86418.01,54068.09,53746.05,4523.88,799866.74,107249.59,64305.4,111782.37,39188.29,1443108.39,70980.82023,42592,22341,10305,112738
11/8/2011,93787.12,77355.94,45486.6,37689.12,3098.54,503000.99,94476.18,54693.05,95647.15,34541.75,1039776.44,60653.35998,40409,21366,11888,112738
11/9/2011,124046.3,83472.44,59740.56,49347.51,3941.61,628380.55,110833.13,58646.24,114575.62,36404.6,1269388.56,49653.52953,41264,25376,9647,112738
11/10/2011,76940.35,70391.35,39301.8,31462.67,2322.65,314740.87,62500.63,47558.89,62615.61,24917.43,732752.25,59616.99952,36322,20431,10460,112738
11/11/2011,76119.73,66600.09,35181.96,31787.64,3509.63,289438.81,68139.65,52002.93,67496.53,21640.61,711917.58,50589.29931,44140,28059,7321,112738
11/12/2011,96499.55,75763.13,51594.2,34631.53,6323.98,304937.25,85452.99,69583.45,80322.78,25116.59,830225.45,60845.3696,44515,31295,6596,112738
11/13/2011,164523.87,134989.31,74313.99,58022.19,11276.89,533662.36,135294.35,108617.76,131218.23,38265.6,1390184.55,99672.90968,47039,38651,9026,112738
11/14/2011,142623.49,119372.28,70473.97,55976.04,15241.23,455212.26,113549.53,70329.77,131160.32,33968.26,1207907.15,95751.38872,51083,38561,11221,112738
11/15/2011,201817.79,155248.9,79138.32,73878.95,34990.56,807745.87,159027.58,94326.33,159911.9,54822.8,1820909,87826.84019,65535,44370,12357,112738
11/16/2011,284124.54,185588.22,101226.69,105654.75,63211.45,1199752.41,225259.71,145521.38,207096.12,73619.41,2591054.68,76456.84843,75651,36882,19994,112738
11/17/2011,112677.59,99576.7,58770.16,47527.31,38256.53,377151.57,103467.49,80337.15,97547.77,32621.26,1047933.53,60226.79925,71562,31054,20340,112738
11/18/2011,108385.86,99994.32,54067.78,47644.02,41673.65,328759.61,108960.73,71967.79,97241.47,28978.18,987673.41,55848.70024,77465,29225,10510,112738
11/19/2011,167972.84,127437.28,71252.56,62283.34,68831.99,584857.35,119740.72,109937.95,110082.12,49544.17,1471940.32,98297.55092,66383,29566,11580,112738
11/20/2011,266473.58,209086.92,119242.6,89503.28,103817.35,905914.73,207564.04,162098.15,191357.21,74361.4,2329419.26,145774.3085,82059,46400,15736,112738
11/21/2011,244411.46,174444.61,110895.24,93116.9,74176.59,932069.51,202121.32,119217.04,187781.11,60698.32,2198932.1,125811.5713,84974,47234,20046,112738
11/22/2011,148763.41,133160.1,74385.79,57062.3,55574.58,511249.55,114001.48,85216.69,104266.23,51188.74,1334868.87,79114.76094,73247,42701,18393,112738
11/23/2011,142408.55,115722.67,59369.37,46703.19,52184.7,360466.29,111786.93,86979.3,93377.68,37160.3,1106158.98,61717.44982,63126,25858,11822,112738
11/24/2011,123600.67,92059.41,40869.92,40293.43,41146.84,261426.72,81060.38,81655.8,64324.92,25487.61,851925.7,54840.79011,53584,16492,6720,112738
11/25/2011,258507.37,196639.84,92620.49,94287.85,91964.71,792404.1,160586.96,145486,149341.12,80423.47,2062261.91,132051.6598,69057,30873,12273,112738
11/26/2011,316543.15,219743.68,112122.64,98356.88,101685.51,778111.08,197091.82,176592.93,172235.18,73226.75,2245709.62,166860.7578,80208,38621,15928,112738
11/27/2011,617402.02,380106.67,215096.36,202626.68,215322.37,2047127.2,374463.85,365544.56,352261.51,97587.75,4867538.97,239245.0783,112162,68348,23713,112738
11/28/2011,562348.74,337663.09,177763.08,209686.73,156710.91,1738005.74,351535.71,316886.52,327820.51,91371.08,4269792.11,290919.5295,127566,59695,38841,112738
11/29/2011,522778.56,358984.68,173894.24,175494.74,155670.87,1280846.12,367182.11,268319.43,325283.42,59176.48,3687630.65,265644.8333,122417,60479,35394,112738
11/30/2011,795327.8,523697.12,299535.06,301657.15,209364.95,2645151.2,543448.85,366578.75,492276.57,108329.91,6285367.36,264327.9679,158834,97593,39733,112738
12/1/2011,332528.87,231206.12,120725.46,101167.59,87329.27,679639.2,210280.93,179250.17,191290.16,25597.75,2159015.52,234758.5166,141648,62147,46935,89004
12/2/2011,301204.55,223067.2,105403.63,92342.52,77080.88,553991.6,199707.21,167387.75,170474,20844.37,1911503.71,179374.6217,132989,40118,15374,89004
12/3/2011,436615.57,311560.08,143351.88,127322.99,126622.29,774303.64,269464.24,251517.36,228247.73,33901.37,2702907.15,195411.5211,113642,43797,16875,89004
12/4/2011,827892.66,588019.26,273108.43,279228.13,215670.91,2536353.46,524909.88,478234.2,458147.36,102918.55,6284482.84,266288.8074,158104,68127,26256,89004
12/5/2011,531115.65,420586.57,187686.66,173596.98,142210.53,1179613.03,357305.75,305468.79,300528.36,60056.29,3658168.61,184939.66,198112,62348,37720,89004
12/6/2011,556676.63,431089.37,197223.35,171329.95,142804.4,1100792.01,381785.2,300219.44,310122.11,51660.36,3643702.82,175227.7704,125540,69815,23723,89004
12/7/2011,639648.94,469531.86,238205.51,226542.29,137953.64,1912230.25,437077.24,313224,360905.17,79521.43,4814840.33,173990.3492,178575,77343,26767,89004
12/8/2011,460008.8,367873.36,146672.99,138228.85,94306.01,930516.56,304031.88,244758.69,239185.2,49967.73,2975550.07,159274.0416,107794,50128,31197,89004
12/9/2011,411233.48,318394.54,132937.44,118535.72,71521.25,749917.19,256182.95,220961.77,208380.28,30747.27,2518811.89,112383.2513,89784,45877,18484,89004
12/10/2011,505734.65,359737.8,166686.8,153319.76,108120.25,864273.36,291862.89,311321.72,243658.91,39278.2,3043994.34,112001.4488,86545,51294,19311,89004
12/11/2011,879271.83,633166.1,280151.58,278603.27,161166.39,2156308.98,555738.99,533599.72,468006.38,75624.9,6021638.14,148768.0509,122306,77755,24025,89004
12/12/2011,594956.23,472677.04,206502.61,180617.62,116591.93,1080180.49,389063.15,349223.78,321461.13,45235.35,3756509.33,176093.3226,116743,71916,35213,89004
12/13/2011,569441.8,438389.35,197192.26,168778.65,100457.85,1130631.49,379822.66,318966.2,302938.14,46037.64,3652656.04,167829.2,108334,62791,26142,89004
12/14/2011,589469.57,448552.8,213971.98,188209.29,95502.54,1494029.34,429877.22,308353.79,312387.47,49304.58,4129658.58,131867.7614,119738,67172,23292,89004
12/15/2011,526857.35,419424.98,192014.32,177434.5,93167.92,1210789.87,381989.99,272385.8,291236.71,67554.1,3632855.54,113439.8099,104679,55515,28001,89004
12/16/2011,268731.59,216902.78,102343.19,86867.25,9222.63,527308.15,181956.88,167342.72,143708.14,22049.14,1726432.47,103380.4606,69200,41425,19286,89004
12/17/2011,314028.32,242337.87,118178.67,89880.94,14315.27,514915.53,213233.16,210797.33,153608.52,29977.64,1901273.25,103806.2594,69642,41385,5823,89004
12/18/2011,452627.7,373226.36,187840.47,153953.69,17069.65,910662.45,324597.9,302652.8,242086.79,42629.14,3007346.95,120907.3507,92441,60831,7579,89004
12/19/2011,283667.8,237611.82,113616.74,86129.31,10484.85,573220.28,195759.93,190111.45,164120.66,29136.92,1883859.76,112668.1812,75407,38460,7084,89004
12/20/2011,226761.07,180969.03,100832.28,76248.46,8709.15,470898.92,193937.7,159170.18,137224.77,21539.26,1576290.82,122325.9822,68381,38330,5928,89004
12/21/2011,120003.65,11732.83,52903.06,36163.22,7420.93,192566.64,86302.55,168550.22,71903.76,20703.58,768250.44,49926.30006,50332,23315,4755,89004
12/22/2011,89309.29,70655.59,35808.11,29292.44,4316.9,144440.58,66793.4,61806.86,66040.71,9887.94,578351.82,26944.30969,45233,23114,5020,89004
12/23/2011,70667.64,50521.84,31343.17,23170.38,2536.41,110269.9,48100.77,51730.11,39891.9,8362.87,436594.99,21821.58993,37318,18190,3656,89004
12/24/2011,40483.65,28597.26,21272.98,12552.41,1896.05,63646.52,30934.96,39087.53,28233.6,3183.9,269888.86,14951.17002,32067,13406,2511,89004
12/25/2011,42683.27,29571.72,23522.27,13853.6,3204.97,101702.81,32174.96,50370.77,32912.27,9419.72,339416.36,16602.10999,27282,13075,1714,89004
12/26/2011,95732.52,53134.16,44826.74,31833.82,6540.73,215750.52,68005.72,98150.3,68768.66,14420.63,697163.8,30627.57032,37943,22069,3740,89004
12/27/2011,102515.98,62178.61,51509.2,35124.42,5043.92,239331.94,77448.25,90740.56,76875.52,13969.35,754737.75,43612.43966,55333,28883,4933,89004
12/28/2011,101922.19,71815.91,49683.83,35468.53,7219.34,190425.92,71373.97,82625.61,78962.3,13044.96,702542.56,52039.57012,52918,32541,5568,89004
12/29/2011,92755.17,68480.9,41471.09,33925.13,7897.65,169399.82,72502.43,80017.64,75480.6,8191.63,650122.06,49906.64962,52484,17959,5661,89004
12/30/2011,84176.38,59566.42,42458.8,30376.1,7536.2,173613.5,70435.64,66827.7,75013.67,7331.63,617336.04,66239.12148,41612,17205,5170,89004
12/31/2011,77762.2,54633.3,37895.03,25664.84,7718.37,148590.39,57936.47,62331.22,60535.04,6313.11,539379.97,48435.97086,38392,13929,4180,89004
1/1/2012,139811.43,111094.24,67828.41,43151.11,4768.29,254986.38,100206.37,138243.15,103197.41,12717.04,976003.83,48880.51888,24360,14757,3823,1863
1/2/2012,183431.98,130443.23,99971.38,64888.16,6014.77,592227.07,144868.93,169316.67,139452.24,26803.87,1557418.3,60726.18604,34347,23801,7015,1863
1/3/2012,130250.43,102836.41,76044.32,45958.95,4247.95,445783.7,105618.44,121734.32,115607.8,19147.18,1167229.5,59513.80995,27888,19069,7057,1863
1/4/2012,130244.51,103170.81,78756.02,52754.97,4791.8,517913.95,119584.51,108351.86,112396.37,19679.69,1247644.49,57712.0567,31198,21659,6563,1863
1/5/2012,101495.23,79471.7,57878.44,34195.12,3427.48,265099.93,76000.23,89280.3,77140.69,14454.99,798444.11,54865.42556,23037,15347,6372,1863
1/6/2012,85420.89,61504.44,53173.44,26197.35,2666.37,190961.92,72181.77,71508.44,70641.8,8485.29,642741.71,46437.32176,21055,13633,3391,1863
1/7/2012,93078.33,72457.6,58510.13,31916.07,5964.38,189877.15,83239.5,90308.67,71303.18,7877.82,704532.83,46195.62826,20422,15042,3652,1863
1/8/2012,123324.46,100390.15,74834.14,43201.1,5084.01,249107.45,109957.07,123599.41,102308.11,11224.52,943030.42,52247.14876,22374,17080,4213,1863
1/9/2012,100116.47,87260.46,68135.65,41400.4,5750.59,312543.69,104048.78,99346.61,100029.04,14024.44,932656.13,60312.92475,23182,17984,5337,1863
1/10/2012,125276.92,101680.49,78604.61,44021.74,5550.76,371773.04,115449.29,101432.44,107429.94,14012.61,1065231.84,55250.45685,26029,19717,5834,1863
1/11/2012,166886.85,130279.79,98313.01,68529.87,9587.67,549138.08,157314.49,116878.2,145248.3,18282.67,1460458.93,50391.95731,32149,25077,7755,1863
1/12/2012,66991.14,50070.93,46571.08,27188.11,5389.27,304651.34,58064.49,53405.56,55921.66,15560.27,683813.85,44859.70091,17852,10634,8568,1863
1/13/2012,59199.62,49743.02,40168.76,21861.28,4358.38,226298.26,53485.38,53403.95,54264.74,9471.75,572255.14,32625.69816,18225,11215,3988,1863
1/14/2012,60807.95,55944.56,46083.64,21247.5,4322.72,215842.96,54241.81,60912.32,52724.91,7869.21,579997.58,26929.96195,17696,12348,3065,1863
1/15/2012,79840.09,66494.76,61520.9,32850.77,6444.18,267168.89,74499.29,88681.51,71451.39,9644.41,758596.19,31241.75421,19354,15604,3792,1863
1/16/2012,95813.22,68276.59,61471.85,42677.66,6782.03,645481.17,83529.41,78065.52,83236.57,24320,1189654.02,35025.06963,22284,15680,5294,1863
1/17/2012,87559.15,63261.58,54004.38,39240.18,5302.62,681327.55,76730.19,65190.36,75256.04,21583.02,1169455.07,36565.00877,21386,13310,5114,1863
1/18/2012,119113.6,71753.78,72062.25,81018.88,6033.72,1749424.71,117786.01,68328.51,99853.52,60860.08,2446235.06,32128.84461,24478,16185,6649,1863
1/19/2012,51099.41,50214.07,41390.89,21497.18,4660.04,227890.82,46633.34,49377.43,46867.52,9998.36,549629.06,23286.21499,17763,11358,8061,1863
1/20/2012,43428.93,44404.95,37544.89,17826.03,4685.98,143808.8,43927.23,46177.85,47255.96,4891.69,433952.31,16180.90559,16580,10453,2704,1863
1/21/2012,60326.94,47091.06,49383.12,21851.31,5585.78,141329.66,56737.03,61465.84,49049.88,6124.34,498944.96,30659.08319,17360,13452,2926,1863
1/22/2012,83224.19,61256.75,63355.09,28182.8,4449.39,179285.64,73090.69,88719.12,65014.41,8395.88,654973.96,37085.43937,21737,17032,3499,1863
1/23/2012,66160.46,60474.03,54428.23,26439.22,5534.6,242364.5,68205.26,59442.83,64336.33,8811.56,656197.02,39839.33167,22084,15109,3884,1863
1/24/2012,52329.71,42107.05,48565.13,23097,4382.47,189187.91,53538.39,53198.22,52215.15,6736.23,525357.26,42900.36536,19306,13557,3799,1863
1/25/2012,62959.77,44887.54,52700.55,24713.3,5726.25,214260.05,55613.48,45984.01,53814.53,5848.14,566507.62,37161.0289,21606,14252,3533,1863
1/26/2012,60228.38,47445.68,58567.32,25808.21,7271.35,208423.83,53860.54,48114.73,46158.84,10679.18,566558.06,35501.61954,21077,17803,4602,1863
1/27/2012,52412.68,41753.82,86497.92,22143.77,3687.21,149154.56,48203.22,45692.46,40563.54,6870.49,496979.67,32024.2244,28234,42366,5516,1863
1/28/2012,55990.97,48303.33,79453.1,24077.34,3649.87,140461.65,51697.48,49677.79,44050.79,8521,505883.32,30516.87981,23021,31170,4784,1863
1/29/2012,84559.74,69035.44,111791.59,36925.53,6278.57,295031.18,75372.24,76014.1,69073.25,15479.45,839561.09,36970.13901,24916,33988,4973,1863
1/30/2012,95799.53,71458.13,133918.96,43004.87,7772,521706.86,86549.7,70611.09,77688.74,20789.23,1129299.11,42650.20458,31011,47945,7301,1863
1/31/2012,141707.74,108447.59,211801.7,56253.59,5830.79,450993.81,108420.5,78046.55,101800.36,17140.45,1280443.08,40552.83317,37392,73888,8990,1863
2/1/2012,113604.94,76382.62,70787.85,40167.27,5354.26,361506.38,97331.18,75742.95,87512.14,14140.67,942530.26,36834.53035,25950,20060,8388,1681
2/2/2012,52823.09,50377.79,43077.06,16572.91,4953.89,161109.01,44317.44,45112.57,40447.11,8817.49,467608.36,32137.1542,23507,15890,4425,1681
2/3/2012,52577.2,45745.7,40901.43,13955.82,3838.61,123698.43,39345.59,42451.76,37617.54,6611.47,406743.55,24234.41516,21804,13329,2543,1681
2/4/2012,57232.19,46058.61,43159.35,16451.34,3727.79,112545.39,38844.06,49573.69,40230.9,6366.31,414189.63,23555.84854,20960,12338,2327,1681
2/5/2012,70055.83,59966.66,44892.75,18960.23,4125.96,178778.1,53122.58,56281.5,47960.6,8950.24,543094.45,24402.69002,21916,13624,1978,1681
2/6/2012,74391.43,65628.93,46485.09,23302.51,5747.56,208210.67,55732.47,62848.16,56690.15,7656.45,606693.42,29485.8876,24888,14947,2405,1681
2/7/2012,87899.38,66567.88,53270.16,22622.03,5362.14,349505.43,73683.1,60730.94,65311.81,11661.76,796614.63,29875.43506,23522,15356,2009,1681
2/8/2012,58259.87,57314.65,46830.01,16750.28,5441.36,102401.75,44967.33,54212.76,44303.49,5407.68,435889.18,30292.06674,19563,15214,2588,1681
2/9/2012,65396.34,52517.37,53167.68,21712.05,4107.66,209360.89,49595.59,49417.22,46979.4,10171.35,562425.55,23306.55419,19555,17213,3258,1681
2/10/2012,53208.45,41848.85,31351.34,15475.87,4001.82,131593.16,35812.6,46840.48,35960.82,4756.29,400849.68,21197.20312,15398,9511,2995,1681
2/11/2012,54723.85,43657.85,34835.03,16130.63,5169.54,120087.09,38945.91,53795.87,37174.84,5122.7,409643.31,21707.91357,14416,9463,2466,1681
2/12/2012,76909.6,60365.81,41194.57,20148.59,5313.49,141870.99,53278.1,64547.24,59322.92,7044.6,529995.91,25500.57112,16130,11586,2644,1681
2/13/2012,63786.66,51012.03,37099.76,20850.89,6533.72,205480.32,49704.83,50701.48,53790.43,6709.45,545669.57,27445.88898,16270,10063,2934,1681
2/14/2012,47205.85,40065.07,27613.75,15030.81,4873.51,141088.23,39440.24,34130.34,41539.45,5083.96,396071.21,19598.00395,13352,8254,2994,1681
2/15/2012,57495.74,52075.36,41517.08,22054.91,4406.21,199003.05,52210.6,42789.54,64437.93,6664.58,542655,21370.52204,16052,9968,2476,1681
2/16/2012,79874.22,53171.67,43909.46,35079.09,5062.6,418533.97,64949.86,51123.31,77162.66,13269.91,842136.75,16206.25316,16576,12538,3868,1681
2/17/2012,40224.1,36820.33,28360.5,15374.39,3469.74,205944.09,37111.76,39209.26,36342.52,10850.4,453707.09,11635.50969,14771,10453,4014,1681
2/18/2012,44998.93,36338.55,31836.81,13768.33,3975.64,122977.06,31674.4,46564.6,34600.42,6379.88,373114.62,11195.6365,13782,10054,2061,1681
2/19/2012,64057.13,49263.61,38811.77,20504.25,5555.63,299487.28,46329.8,63912.46,45585.7,14720.57,648228.2,12551.39261,16343,11977,2438,1681
2/20/2012,57436.73,54466.28,47017.88,26454.54,5811.02,207023.81,52864.88,66086.46,56134.8,10078.16,583374.56,13080.78728,18999,14452,4102,1681
2/21/2012,52241.94,48185.38,35949.54,15399.9,4259.65,155031.21,45397.66,53490.42,46515.11,7265.14,463735.95,14566.52157,17798,12234,2680,1681
2/22/2012,54617.77,45988.02,37159.51,18787.18,4355.02,179292.94,46057.93,52635.53,51225.19,8485.31,498604.4,16163.3771,18367,13595,2810,1681
2/23/2012,45463.16,37197.01,34588.85,15496.21,4080.08,140089.24,37120.63,45407.86,42174.46,7585.45,409202.95,16250.73817,17518,13776,3219,1681
2/24/2012,44485,35428.2,35014.8,13796.71,3968.77,106586.45,36203.91,46988.35,37596.14,4559.84,364628.17,16953.82927,15168,11358,2518,1681
2/25/2012,51563.87,39450.02,36087,16119.07,4605.64,111867.81,39127.25,53975.33,35733.49,4331.17,392860.65,17033.44669,14506,10929,1830,1681
2/26/2012,77319.69,54497.87,44650.74,19530.58,4634.83,151757.02,57500.87,76064.68,54418.13,5100.85,545475.26,18349.16749,16263,12938,1784,1681
2/27/2012,66625.78,54526.66,50919.11,20164.31,5016.77,206320.71,59847.86,60319.21,66594.41,8875.4,599210.22,21336.9231,21464,20602,1532,1681
2/28/2012,87241.08,63681.09,76252.81,27862.28,7660.78,287571.39,71032.1,66541.67,72622.67,10634.85,771100.72,19005.2242,23025,26714,3108,1681
2/29/2012,98918.97,83536.37,88761.72,55852.87,10285.63,770883.38,78059.46,123012.8,108132.84,40548.98,1457993.02,23216.34943,30229,21478,4879,1681
3/1/2012,50835.98,44969.51,45479.26,15232.28,2888.52,165332.85,38210.73,48571.89,40165.8,8083.99,459770.81,19507.37019,18841,11415,4662,11287
3/2/2012,49286.57,35403.31,36525.78,13115.23,2486.79,113480.36,39126.85,40630.75,38650.13,4720.97,373426.74,16666.13894,18725,9987,2242,11287
3/3/2012,49157.16,41455.47,42216.78,12394.39,2201.37,110922.46,36712.26,51010.52,44182.29,4395.46,394648.16,17027.09686,17105,10082,1844,11287
3/4/2012,54977.58,61501.66,47908.24,11100.61,2434.86,157579.6,40798.63,56712.29,45862.52,40787.54,519663.53,20066.77791,18893,12786,1847,11287
3/5/2012,64916.48,54754.07,48011.88,16607.44,2643.46,219411.56,46307.69,63578.79,55022.37,15050.52,586304.26,24766.95968,20703,11929,2060,11287
3/6/2012,59123.93,47725.31,48507.83,17151.13,3145.08,247335.54,47350.33,57928.13,69920.74,23863.5,622051.52,26444.93417,20919,11510,2715,11287
3/7/2012,77257.13,56161.4,61269.62,26329.11,2751.81,488069.22,63378.57,60979.44,81517.39,13555.79,931269.48,28720.0082,22749,11786,3237,11287
3/8/2012,53924.8,42256.89,36491.8,14357.14,2774.81,118028.45,36779.99,43955.3,39791.77,5226.67,393587.62,31526.79844,22386,10234,3363,11287
3/9/2012,45484.56,33958.07,32675.95,12092.37,2922.04,85899.44,36533.03,43465.36,42037.15,4442.3,339510.27,27651.93087,22358,9597,1970,11287
3/10/2012,49668.76,39241.89,34883.92,15411.38,2231.24,79474.54,35853.73,46335.83,35131.99,3957.07,342190.35,23094.97941,22711,9273,1997,11287
3/11/2012,64447.43,53667.19,49429.3,16251.7,2028.87,157140.66,44023.79,63053.35,53912.74,28723.71,532678.74,23625.53985,24250,12367,2128,11287
3/12/2012,65761.58,52689.22,47769.08,19481.29,2969.41,207211.53,50337.9,55559.95,63512.97,25096.82,590389.75,26687.48057,23179,12291,2679,11287
3/13/2012,55859.99,39309.58,43777.12,16556.78,2134.54,195410.25,41894.2,49033.96,45247.4,9902.96,499126.78,30711.17206,19232,11491,2547,11287
3/14/2012,52659.03,34296.46,38240.66,12663.13,2438.51,122011.18,35930.86,46735.85,37815.76,5900.66,388692.1,27839.76508,17621,10720,2538,11287
3/15/2012,50096.17,37632.89,38396.92,15192.77,2117.83,103711.94,37916.07,46228.63,40373,4642.12,376308.34,21056.03658,16467,11310,1854,11287
3/16/2012,43668.73,34318.43,35111.44,13461.2,2202.89,93993.44,33231.88,50585.02,37878.97,4865.45,349317.45,18173.03066,16226,11529,1982,11287
3/17/2012,46817.41,32754.47,36065.74,11104.73,1906.02,88763.11,28367.39,45506.78,34067.13,3939.44,329292.22,16254.6911,16099,10815,1809,11287
3/18/2012,71120.51,49374.98,51340.55,19575.01,2147.08,230611.72,45779.36,67634.21,48498.15,9698.63,595780.2,22119.26415,20345,14899,2141,11287
3/19/2012,67296.25,50878,54763.15,24721.52,2258.38,287734.39,55344.59,56805.63,55456.95,11486.68,666745.54,29277.63409,24427,14328,3178,11287
3/20/2012,54253.51,44245.19,46492.87,18611.17,2814.49,209016.96,42659.23,59589.97,48567.84,10046.39,536297.62,30563.34136,23209,14100,3145,11287
3/21/2012,55285.34,42836.37,51665.8,19984.99,3133.59,171793.02,43271.05,49295.93,44637.21,7291.03,489194.33,30371.98712,24624,15166,2755,11287
3/22/2012,49569.57,44310.45,60858.35,15959.45,2350.03,177892.28,51890.65,48500.59,45643.39,8051.39,505026.15,31971.18611,33744,20812,2452,11287
3/23/2012,42138.55,38991.19,36764.09,16216.26,1727.17,159271.08,38392.29,39875.74,42922.79,5325.58,421624.74,28778.11203,34498,11472,2833,11287
3/24/2012,54011.43,38068.77,42138.23,19361.31,2087.91,227553.72,39945.42,44362.03,33916.38,9639.36,511084.56,29355.08089,27105,12605,2495,11287
3/25/2012,73120.5,53386.32,56674.39,30467.67,2998.4,406302.38,63238.72,66601.23,55505.62,14188.67,822483.9,37314.3025,36513,16623,3220,11287
3/26/2012,107181.49,69915.56,87261.74,56080.17,2321.69,1206637.15,97077.37,77814.38,103896.94,41209.45,1849395.94,44923.13977,49473,25953,4853,11287
3/27/2012,67326.59,55471.43,81266.7,27398.56,3088.59,291647.75,55637.11,59486.16,66333.92,13485.53,721142.34,46489.08601,58004,33188,5434,11287
3/28/2012,70557.64,66445.59,90990.26,28920.53,3367.16,403958.27,62101.38,62171.52,74927.4,20221.95,883661.7,48184.95538,70018,45165,4346,11287
3/29/2012,54541.97,51532.52,52989.53,21311.8,4101.42,237932.73,43934.26,50396.01,45154.93,10679.3,572574.47,47072.39358,58694,17299,2976,11287
3/30/2012,45979.72,42009.13,41737.41,17045.56,4241.09,156111.95,40370.55,44748.95,37892.43,11606.23,441743.02,35285.99751,33604,13757,2559,11287
3/31/2012,50347.35,43152.14,61290.38,16645.56,6741.64,134159.92,53694.94,58010.53,41319.81,6370.47,471732.74,32467.27308,26821,23011,1692,11287
4/1/2012,74333.2,54645.49,59851.08,23009.11,1423.1,249932.74,61716.49,76763.75,50213.28,9980.69,661868.93,43192.83934,20809,20135,2353,8243
4/2/2012,72474.9,53254.32,44961.39,24983.78,1038.15,276861.18,63455.38,72832.31,61525.23,10561.65,681948.29,45870.42888,18915,10405,3405,8243
4/3/2012,55033.04,34568.49,40718.26,17161.22,946.86,153721.23,59170.1,74146.2,48799.31,7706.54,491971.25,40255.72565,18267,9758,3103,8243
4/4/2012,57339.64,41684.05,40726.98,16780.23,1163.15,125743.88,47786.49,61215.59,47055.02,4597.77,444092.8,34660.85018,19035,10453,1872,8243
4/5/2012,54348.71,36495.54,35482.43,15836.91,873.99,102354.05,43512.13,51186.5,45405.17,6347.03,391842.46,26945.21159,14575,8797,2026,8243
4/6/2012,49208.62,40373.05,34784.8,14271.68,700.08,108665.21,47563.66,46458.32,39557.79,5527.59,387110.8,19371.26865,14382,8816,1606,8243
4/7/2012,41918.07,30880.66,33177.05,12936.22,1193.17,92708.54,35832.33,45043.91,34352.58,4934.65,332977.18,18070.68973,13955,7940,1350,8243
4/8/2012,59175.24,39926.17,35826.5,17130.5,467.59,124444.28,54433.99,69026.96,49930.49,4854.66,455216.38,19652.09033,15102,8406,1771,8243
4/9/2012,81665.89,54047.6,51670.27,32015.51,1822.04,257929.12,68329.93,87980.24,76124.18,12807.14,724391.92,36433.21723,18255,11795,3202,8243
4/10/2012,83995.54,55664.35,62527.72,31375.53,2432.98,311971.81,74329.07,76220.2,72058.9,12784.32,783360.42,41300.77742,18384,14480,3617,8243
4/11/2012,95508.45,64269.75,60693.96,35720.41,2783.4,461751.54,83939.21,80462.14,86338.53,16796.58,988263.97,38890.8211,19214,13814,3786,8243
4/12/2012,65341.72,45177.55,45420.26,20740.83,2324.39,164660.84,52555.07,58021.45,55181.38,5901.77,515325.26,26673.73207,18473,11234,3310,8243
4/13/2012,57748.92,39274.16,42619.32,19981.68,2024.63,124656.92,50882,50401.69,45733.06,5264.87,438587.25,20805.87592,17488,9872,2438,8243
4/14/2012,54991.02,39254.47,43194.08,16188.63,1458.69,116525.05,47185.75,59502.91,42536.76,5065.55,425902.91,19433.40122,17181,10748,1999,8243
4/15/2012,89091.55,54530.31,54529.81,28925.64,1550.48,257371.29,65994.41,87775.97,63215.41,10495.15,713480.02,28986.00152,19763,14613,3412,8243
4/16/2012,85023.39,57340.12,51452.87,32247.4,1575.49,322738.45,75555.77,73966.3,68752.28,11110.88,779762.95,35672.20518,19868,13128,3916,8243
4/17/2012,87766.23,52560.6,57102.08,40357.03,1644.78,566218.73,84420.07,73869.66,79683.22,14405.03,1058027.43,27408.47765,18273,13633,2794,8243
4/18/2012,82245.84,59563.41,53146.95,32163.51,2557.35,369033.21,84918.06,65963.54,69296,9477.14,828365.01,20282.41088,18450,13233,3392,8243
4/19/2012,70095.84,45544.75,44309.45,22133.47,1971.62,230398.09,63312.16,59943.29,51705.96,12384.86,601799.49,17530.61437,17727,12690,3784,8243
4/20/2012,57632.03,45647.58,39987.11,19036.67,1475.95,153656.01,55210.97,50132.33,46863.82,6408.06,476050.53,14833.08748,16523,10796,2739,8243
4/21/2012,61508.55,36349.15,41580.97,20182.79,1143.33,156910.59,53384.53,57723.51,44058.05,5265.18,478106.65,14917.57556,14932,11310,2660,8243
4/22/2012,98561.92,61498.42,60169.06,32009.99,1610.87,206093.39,78169.68,96878.08,74136.89,9057.62,718185.92,26287.19977,20100,15308,3402,8243
4/23/2012,92324.17,56049.47,52003.67,33150.86,1846.71,260268.76,85741.8,86786.22,75017.83,9743.53,752933.02,36177.07348,21314,14328,4481,8243
4/24/2012,93563.29,60439.13,62148.92,31506.01,2606.61,275024.12,87165.51,79205.7,76014.15,10167.98,777841.42,36693.56143,20338,15546,3628,8243
4/25/2012,107657.63,76232.21,78714.32,56426.62,2093.15,585132.67,108223.61,84641.37,97247.05,21142.72,1217511.35,37613.56938,23589,21772,4680,8243
4/26/2012,80190.64,51786.29,63145.6,27785.52,2456.89,219791.19,69658.94,65351.11,63655.38,12211.65,656033.21,37516.6833,20422,18136,4484,8243
4/27/2012,72941.2,45657.86,51108.41,24530.59,2338.8,159471.24,64996.34,59113.22,55923.73,7532.76,543614.15,39988.5012,18272,14185,1256,8243
4/28/2012,78840.97,47003.85,54130.03,23028.65,2783.23,154757.14,65575.39,74416.07,53981.33,7061.17,561577.83,38775.18569,17766,15280,2362,8243
4/29/2012,118599.41,78930.39,82238.21,36708.97,3924.71,211100.53,99710.62,119030.54,81841.98,11650.46,843735.82,48770.07797,22990,21630,2975,8243
4/30/2012,132250.12,94960.84,90748.33,44449.38,5336.47,335587.69,120735.92,113743.1,101366.28,16285.14,1055463.27,60311.48675,28392,26209,4340,8243
5/1/2012,156156.88,114984.71,96506.13,50026.61,2349.64,417283.16,151625.8,125772.97,122011.82,19543.12,1256260.84,65092.1191,30184,26742,4577,2392
5/2/2012,193826.47,122200.31,108970.77,71693.74,3563.32,704778.08,182935.5,138092,147961.43,23968.65,1697990.27,62890.26822,31170,25895,5630,2392
5/3/2012,115320.9,89776.8,85145.78,38883.9,2941.7,332077.25,101283.41,90537.5,83068.63,16170.19,955206.06,58697.97826,26360,23895,5822,2392
5/4/2012,83455.98,61620.46,69524.05,26368.19,2126.63,205341.89,73612.03,68250.4,54494.33,7347.66,652141.62,48375.20846,21663,23762,3861,2392
5/5/2012,81309.64,59409.53,62357.02,25516.11,1908.92,192478.21,69186.08,72897.04,55789.75,8890.43,629742.73,45410.25263,19307,16498,3414,2392
5/6/2012,137644.86,110488.65,94039.99,42907.56,3074.82,432069.27,111422.11,112711.41,84972.88,17144.5,1146476.05,58315.64715,24004,23153,3851,2392
5/7/2012,144670.26,114874.02,90609.49,46741.82,2405.94,379081.96,122105,121608.96,109305.78,18102.8,1149506.03,70163.38717,30299,23514,3486,2392
5/8/2012,141913.08,121598.72,92356.08,49928.48,3472.65,382400.25,125682.79,125249.3,109116.47,16843.99,1168561.81,60809.92859,29112,22667,1364,2392
5/9/2012,102863.95,83082.99,68493.58,33411,2915.65,167362.99,91108.8,83562.95,83178.39,9383.8,725364.1,53866.23112,25311,18440,1233,2392
5/10/2012,85960.86,65224.25,68828.09,29402.33,1621.61,236047.34,79199.95,69177.73,67148.68,13448.62,716059.46,46334.3973,23786,20468,2495,2392
5/11/2012,70985.26,49849.41,70801.37,19377.26,2157.84,156079.71,61390.1,56339.88,53931.83,8834.01,549746.67,33141.91745,20668,23267,3516,2392
5/12/2012,59736.68,41530.3,76972.67,22693.59,1075.46,123447.38,52307.53,56831.02,44426.6,8912.23,487933.46,26822.63181,19780,24495,2110,2392
5/13/2012,84675.61,60467.47,129332.25,25377.78,1280.84,164643.43,70623.51,76923.4,63918.75,15427.25,692670.29,33044.52245,24334,36129,1687,2392
5/14/2012,106412.5,47166.9,174591.84,35461.4,2318.84,337200.61,89094.76,104070.13,101916.23,26277.24,1024510.45,48578.19543,31388,45753,3989,2392
5/15/2012,97562.5,57028.78,92692.58,33451.78,1979.56,244133,86033.12,77024.23,82644.85,13963.22,786513.62,43545.63295,24816,27722,4468,2392
5/16/2012,95643.48,63826.24,69860.74,29696.55,1806.13,236934.48,80396.41,71397.98,92143.5,11640.5,753346.01,36644.60511,22246,22048,4405,2392
5/17/2012,67711.69,50679.45,54761.41,26583.67,1401.53,179889.68,60859.11,55159.33,69334.31,8605.51,574985.69,31253.418,20502,19202,3973,2392
5/18/2012,63422.06,41947.49,48242.21,18007.53,2054.48,157497.07,57588.55,46964.85,58593.38,6959.98,501277.6,26287.84803,19629,20306,2968,2392
5/19/2012,51697.93,35046.98,42488.9,18412.2,1517.56,132884.53,47685.43,47478.51,44504.87,5071.91,426788.82,23087.62483,16037,15061,2210,2392
5/20/2012,74941.74,50985.64,64086.84,25564.03,1758.6,162191.45,66286.6,74095.57,68011.04,8366.94,596288.45,30851.29058,21618,21487,2858,2392
5/21/2012,98083.03,60066.25,76171.88,34982.78,2132.73,297529.03,85572.82,80499.76,111354.42,11655.95,858048.65,39382.63193,26742,25866,4110,2392
5/22/2012,101558.74,64349.11,67356.65,31866.34,2775.39,324190.54,90627.75,79492.16,104573.95,13844.84,880635.47,37256.96475,24487,20516,4005,2392
5/23/2012,106478.74,66113.93,68422.36,38407.63,2340.01,451236.75,100751.66,75554.11,117160.69,14039.34,1040505.22,35310.96749,24918,18850,3101,2392
5/24/2012,75941.91,53631.99,51169.65,23634.31,2651.43,197204.41,66947.07,56729.09,73558.14,9751.65,611219.65,30611.89759,23011,17460,1800,2392
5/25/2012,61065.03,49296.25,49654.54,19868.91,2768.47,134603.28,57889.58,54217.2,60910.01,7099.47,497372.74,23327.00669,23167,16251,3038,2392
5/26/2012,50552.1,36289.86,41458.63,14338.25,1882.95,122921.89,49570.78,50106.33,44341.73,6302.26,417764.78,20434.17254,19133,13833,2522,2392
5/27/2012,56349.49,39618.91,49927.77,16890.27,2274.7,218991.1,52633.74,55232.24,52288.96,11056.67,555263.85,20352.59998,21993,17003,2074,2392
5/28/2012,81795.8,58110.27,73728.66,22723.37,3969.39,251369.02,79461.59,78757.61,72991.35,10808.43,733715.49,25252.95999,28405,27884,3095,2392
5/29/2012,98371.22,54814.46,84549.79,25424.62,4381.01,265800.82,84360.67,79524.28,116930.89,12728.66,826886.42,29383.84095,32820,33082,2979,2392
5/30/2012,114571.5,68146.79,66981.97,39045.45,7799.56,456272.94,91292.55,77155.16,110971.81,14977.59,1047215.32,29822.55851,25024,17964,2885,2392
5/31/2012,94957.87,62808.98,63692.85,22784.7,13610.27,226560.54,75919.14,66481.1,81803.39,10406.98,719025.82,25577.0136,26705,18783,1868,2392
6/1/2012,75820.26,55516.57,52278.5,22293.49,1387.96,163958.48,64577.43,66509.99,81881.44,7564.8,591788.92,22492.52272,22610,16774,439,9004
6/2/2012,68351.74,52576.94,48029.37,20329.96,1158.68,141745.56,64183.14,64524.76,59943.47,6208.22,527051.84,20793.25076,20781,14023,12,9004
6/3/2012,91877.94,68555.44,63705.19,30253.74,1525.73,183907.69,79031.82,90200.7,92397.28,9599.87,711055.4,26404.70408,23556,18383,2210,9004
6/4/2012,118046.93,84455.23,74438.19,35674.27,2404.09,287801.05,97556.76,102404.37,127311.75,14026.75,944119.39,33583.42055,28721,21496,4103,9004
6/5/2012,128162.68,95564.59,84512.58,44056.48,1684.52,335840.25,124163.4,112509.29,133038.7,16005.72,1075538.21,29413.00067,30660,25104,4626,9004
6/6/2012,177493.15,114509.96,104869.27,60199.47,2506.7,607621.81,168467.09,133938.36,177708.59,19305.54,1566619.94,26865.14104,33425,27123,6632,9004
6/7/2012,103347.1,81378.77,77423.02,38028.74,2319.5,288587.53,93626.03,88928.17,104776.17,12951.06,891366.09,24379.93075,28628,24343,7278,9004
6/8/2012,61247.61,58116.16,55544.73,22595.83,1100.44,204145.39,68153.92,65595.07,71939.5,9343.63,617782.28,21033.31311,25206,20059,4469,9004
6/9/2012,62320.83,50412.06,57117.97,24695.6,1235.81,166196.57,59934.51,70957.92,62504.17,6822.39,562197.83,18733.60451,22995,18945,4233,9004
6/10/2012,102251.46,77929.58,77406.21,40664.13,2364.65,302023.8,92550.19,99041.99,94102.93,13848.86,902183.8,24282.77436,29396,24476,4636,9004
6/11/2012,110726.85,100960.81,88668.21,35975.18,2386.99,344451.38,103429.47,114200.92,117201.71,13419.89,1031421.41,34323.36118,34863,27903,5166,9004
6/12/2012,107243.81,96501.29,90313.22,36173.31,2251.01,382478.51,105000.81,112740.63,104252.77,20169.47,1057124.83,34684.06007,34830,30159,4026,9004
6/13/2012,90445.11,78775.21,87607.68,33671.73,1843.85,173704.57,76556.61,85572.42,85022.06,11383.62,724582.86,31605.32521,33144,30017,4854,9004
6/14/2012,74232.45,56985.15,72338.6,22370.65,1642.07,139449.08,65634.37,62104.18,72262.74,11418.1,578437.39,28305.84931,30404,25933,5536,9004
6/15/2012,60696.68,53067.69,60994.33,21669.76,1737.77,120695.8,56696.93,53322.26,60353.43,9718.49,498953.14,21156.90854,28075,24505,3286,9004
6/16/2012,47835.97,39263.8,56797.38,14328.01,1737.98,94974.04,45705.06,50966.34,49489.48,7286.65,408384.71,18150.63095,22168,19468,2261,9004
6/17/2012,64781.48,55434.58,77547.68,23452.05,1240.32,309881.78,64430.45,71922.52,68066.84,18447.12,755204.82,19605.67205,27679,25047,2535,9004
6/18/2012,74587.51,59015.31,103675.72,24777.61,2136.79,202310.93,72768.45,67564.82,83288.56,14534.24,704659.94,22630.09333,35412,36348,3856,9004
6/19/2012,71974.22,67764.75,136382.05,29894.1,2219.48,203547.88,80034.29,67853.5,91994.58,16806.19,768471.04,22194.44247,41240,46201,1077,9004
6/20/2012,78803.22,68858.69,76427.17,29548.29,2844.13,258148.19,75585.87,67347.57,88141.47,12586.2,758290.8,19945.07276,31854,24305,3,9004
6/21/2012,53929.47,46982.97,63372.73,18271.71,2784.83,155266.52,56609.78,46848.56,56913.47,9137.6,510117.64,15033.22213,28095,20763,1465,9004
6/22/2012,46209.45,40251.52,57867.3,19167.39,1754.81,166338.18,47938.35,45077.46,63803.65,6007.76,494415.87,13294.29235,26274,20382,2424,9004
6/23/2012,40853.84,36766.36,67775.34,15947.8,1693.43,136901.76,41446.8,49891.16,49340.48,5956.42,446573.39,12912.26397,24914,24400,1625,9004
6/24/2012,57482.04,52941.14,93383.1,23354.41,2552.45,186476.86,56106.92,63301.49,66573.88,7803.79,609976.08,15255.10795,30233,34900,1248,9004
6/25/2012,69158.4,60716.12,138714.97,30817.03,3525.73,326608.01,77726.75,73455.39,96466.66,10871.21,888060.27,17934.71777,39073,55235,1766,9004
6/26/2012,81455.31,65319.89,143078.03,39238.16,3681.32,363744.89,71473.87,69346.75,90232.8,9252.12,936823.14,16594.2648,40477,59177,446,9004
6/27/2012,78313.85,67559.88,98698.22,35233.18,4124.88,498450.16,72305.07,61887.73,94159.58,10856.33,1021588.88,14965.40892,39252,47876,333,9004
6/28/2012,59429.87,54288.57,77497.91,24022.05,4570.04,201816.14,53483.74,51276.04,62304.71,6967.87,595656.94,14196.77275,32294,35910,173,9004
6/29/2012,48216.68,48259.51,48345.23,18105.57,6073.62,142374.18,52261.97,45742.13,57170.07,5843.29,472392.25,12111.38979,24021,17193,19,9004
6/30/2012,47127.89,43051.85,47841.3,16912.26,10737.86,114785.35,42144.55,48313.69,43098.83,5376.2,419389.78,11776.35251,20934,15223,63,9004
7/1/2012,60740.76,55572.81,52930.62,21908,904.35,106967.69,52579.66,75769.33,65212.83,7281.5,499867.55,15926.21998,15969,10834,1330,18747
7/2/2012,65870,59622.48,59595.87,23872.49,1801.77,192797.52,60506.36,71820.37,74335.84,9911.34,620134.04,26805.93537,21267,12043,2014,18747
7/3/2012,62556.31,55619.68,73444.74,26461.24,1129.29,182325.87,53251.51,64658.58,67887.76,6571.14,593906.12,22885.91259,27002,19659,530,18747
7/4/2012,53698.47,52027.98,77799.69,23048.26,888.36,182338.12,51016.79,62947.9,58435.08,6520.04,568720.69,16479.48234,27038,23604,2186,18747
7/5/2012,95782.22,80843.39,108820,55101.24,1547.06,853888.82,75727.53,83626.01,100904.61,13632.28,1469873.16,23745.31299,48158,29816,8181,18747
7/6/2012,60027.64,53001.35,62473.35,24543.75,1144.93,182956.66,49163.72,63838.3,68531.26,5793.91,571474.87,21917.23621,17975,11707,2282,18747
7/7/2012,58790.32,49361.71,68646.11,20094.59,1015.78,156172.1,48491.12,58115.4,59133.46,6665.89,526486.48,20480.73818,18073,14080,1027,18747
7/8/2012,75559.48,69621.36,87719.39,24053.1,1563.19,183747.05,61554.89,84931.21,73221.63,8233.08,670204.38,24040.27193,20167,15328,753,18747
7/9/2012,79618.31,71506.14,78788.11,28354.02,2226.84,242242.87,63104.41,82766.72,91000.02,7816.28,747423.72,28811.1138,22554,14891,0,18747
7/10/2012,88104.1,72020.19,76401.53,30942.03,2043.86,294916.05,69729.44,78280.84,88833.87,11859.85,813131.76,26339.73143,22176,13615,0,18747
7/11/2012,97083.17,77339.08,78445.79,35038.73,2496.9,371074.2,77455.15,77985.98,97649.96,9618.28,924187.24,23419.38442,22709,13789,850,18747
7/12/2012,61265.08,62260.98,77114.66,22709.4,3031.91,161651.52,56348.04,64595.7,65446.71,6411.51,580835.51,22923.99876,21564,14415,1164,18747
7/13/2012,59412.39,50730.07,79531.21,19065.92,2116.95,123662.44,52261.37,56921.48,60827.26,6067.28,510596.37,20947.17899,21675,14936,216,18747
7/14/2012,60103.66,48311.9,64110.92,20052.68,1775.95,174424.09,46134.67,62525.1,53296.72,6988.31,537724,18566.42601,19041,12020,22,18747
7/15/2012,80377.91,67153.66,83677.09,31792.75,1869.18,210538.75,66709.28,89332.18,84362.14,8203.87,724016.81,22345.03973,27251,15759,2392,18747
7/16/2012,78488.81,41312.77,86822.89,28164.45,2743.13,240512.38,62710.82,109840.13,89015.07,9838.56,749449.01,25093.77116,22007,15205,3975,18747
7/17/2012,71860.86,26930.64,89659.69,27985.53,4214.21,198690.93,63747.94,119503.4,77420.81,8621.2,688635.21,23667.08596,20950,15009,3408,18747
7/18/2012,84298.66,58474.56,85790.82,34860.82,3532.22,504691.69,67489.52,77662.98,82852.38,10428.62,1010082.27,22114.50713,20734,14292,2740,18747
7/19/2012,67394.11,42386.01,81306.64,26048.89,3282.03,229980.13,51663.16,78624.25,65938.26,8022.9,654646.38,22763.70077,18892,14315,1560,18747
7/20/2012,58486.33,41551.18,75589.28,21110.68,2530.92,168431.65,51498.03,72723.93,61453.28,7149.09,560524.37,20363.41546,17627,13268,192,18747
7/21/2012,52701.51,45914.05,68145.31,21423.62,2574.25,145881.76,41886.78,62622.02,58198.98,6353.26,505701.54,18575.77342,14897,12227,27,18747
7/22/2012,74614.66,62198.9,92858.83,26116.41,2879.53,187029.04,59440.8,85474.78,84222.24,10102.55,684937.74,22923.56459,19174,15591,2077,18747
7/23/2012,79467.17,70680.05,104955.16,33824.8,3118.25,343371.37,73624.93,91492.97,102281.57,10062.17,912878.44,28805.44501,23426,17415,3418,18747
7/24/2012,101434.22,79181.82,117268.02,33706.44,3639.08,418411.2,85881.77,93493.9,114049.82,9671.39,1056737.66,28265.12966,24417,20235,3418,18747
7/25/2012,110158.88,82266.22,101109.58,47508.39,3333.78,775932.17,99370.55,93042.54,130506.8,11757.11,1454986.02,26313.81028,22228,15585,2270,18747
7/26/2012,56834.7,59846.19,99358.3,22297.2,3426.94,173762.9,54463.07,69881.3,73493.76,7168.94,620533.3,23953.11588,20914,20023,1447,18747
7/27/2012,53459.84,45829.85,82572.57,22715.53,3812.49,122200.86,48419.71,62116.63,55431.1,6737.96,503296.54,19104.42278,18250,17180,243,18747
7/28/2012,52447.46,41723.42,80308.14,20929.3,3053.34,210922.56,41500.22,58838.13,57283.33,8108.73,575114.63,18139.05119,17097,16424,104,18747
7/29/2012,76634.89,60659.53,113201.24,27441.68,4631.43,280498.52,56062.9,90185.77,83621.25,12142.41,805079.62,21992.71931,23121,22563,1728,18747
7/30/2012,77080.25,64671.74,122994.53,27046.9,7894.54,326896.87,65321.8,88805.33,89206.67,12487.73,882406.36,27857.53088,26492,25826,3379,18747
7/31/2012,77438.91,73770.28,162119.99,32606.47,14794.38,317281.77,70507.27,89089.43,101333.97,15895.86,954838.33,26339.27509,32717,36352,2857,18747
8/1/2012,73153.87,63972.17,124799.51,28740.42,2002.65,289603.35,61387.89,75813.83,83738.7,15920.03,819132.42,27383.56581,23767,27169,2955,17220
8/2/2012,54279.02,54136.94,96871.69,21356.64,1429.3,163437.73,53007.1,66376.92,66697.85,9991.94,587585.13,24956.44083,19718,17012,3139,17220
8/3/2012,47785.89,46709.62,92557.84,19642.64,1676.98,141319.29,44182.32,60841.09,62686.56,8020.63,525422.86,21699.41064,17957,17533,2788,17220
8/4/2012,47670.11,42657.37,90049.03,16035.72,1734.49,117983.32,42340.1,63436.85,56872.82,8314.15,487093.96,19633.45478,14753,16458,4471,17220
8/5/2012,72188.21,65031.73,122987.02,31110.26,1672.78,400977.74,57549.98,90838.11,87981.36,13791.36,944128.55,24844.74914,20682,23772,2783,17220
8/6/2012,76201.63,61247.36,119712.81,33829.67,1881.86,403279.19,68783.35,90401.28,94263.76,12646.44,962247.35,30185.4938,20779,22759,4730,17220
8/7/2012,72532.25,55395.37,104934.65,27320.85,2861.44,221509.41,61965.18,82942.59,85563.04,9701.83,724726.61,27000.3345,18246,18764,4012,17220
8/8/2012,75907.27,57587.71,101286.6,34632.63,2586.51,354073.95,73243.71,82573.23,97601.88,11695.42,891188.91,25211.67004,16391,18036,3888,17220
8/9/2012,58771.16,54504.3,118140.86,21764.97,2766.01,174104.97,55636.18,75310.25,68575.74,8900.54,638474.98,26711.42235,22862,25244,3472,17220
8/10/2012,54146.51,48256.26,109928.92,21414.54,2729.59,187104.57,59749.84,64682.17,57010.22,8889.04,613911.66,24689.10851,18731,25216,2828,17220
8/11/2012,52386.19,41662.35,104776.31,19796.11,1864.54,145319.56,56964.6,61228.24,50965.08,7423.78,542386.76,21723.74632,15032,22054,2905,17220
8/12/2012,64456.15,54006.54,138338.01,25862.77,2280.49,173348.56,73270.88,87858.49,74125.55,11060.43,704607.87,28553.91047,18509,27314,1574,17220
8/13/2012,66803.9,53198.58,143329,29780.13,3274.53,340491.7,84029.44,88598.48,87659.47,13179.73,910344.96,33980.10459,19569,28758,906,17220
8/14/2012,73567.07,58270.81,166936.15,28142.1,3697.83,305305.51,82450.18,81127.17,84418.06,13823.63,897738.51,33639.14632,19907,32452,2716,17220
8/15/2012,68448.53,51937.16,127319.25,27645.64,4681.59,217925.05,75187.92,74329.27,74946.2,9515.65,731936.26,29878.18503,19537,29911,3881,17220
8/16/2012,61416.04,47668.07,106866.68,24853.68,4198.11,226891.99,73264.87,66431.09,68850.66,9100.69,689541.88,26824.16417,16437,22916,3721,17220
8/17/2012,49508.84,38226,98589.65,19258.78,3713.96,153326.44,62602.33,64508.89,56401.66,8662.96,554799.51,24459.32194,13238,19928,2910,17220
8/18/2012,55798.26,34237.89,91393.46,22109.74,3568.34,139522.7,59408.96,69165.25,54875.15,8113.55,538193.3,23141.23543,10918,18176,3080,17220
8/19/2012,81665.18,48812.09,126039.3,29473.63,6039.83,204441.56,75738.92,100695.05,78019.42,12035.79,762960.77,27702.37149,14315,24729,3785,17220
8/20/2012,84772,50622.95,124433.11,30579.19,4138.48,263324.47,84454.86,92933.02,90832.87,11780.25,837871.2,35148.47688,15128,24265,4056,17220
8/21/2012,85399.24,50219.64,127289.25,29212.31,3614.2,394194.58,74339.16,87827.19,87395.3,15643.6,955134.47,35209.20118,14242,24455,4051,17220
8/22/2012,114405.56,53469.57,134151.67,35618.81,4932.6,451281.78,90364.12,93797.16,97955.56,13696.78,1089673.61,33743.22254,14171,24774,3982,17220
8/23/2012,65305.92,39870.19,103377.09,20390.24,3988.02,199553.23,54870.44,75018.04,61208.08,7766.26,631347.51,31920.59537,12336,21976,3515,17220
8/24/2012,60424.88,32282.83,104784.02,17322.93,3864.76,212183.18,43848.49,61717.41,55455.84,8357.35,600241.69,28105.30685,13958,23862,2735,17220
8/25/2012,60535.93,25873.25,109854.01,18054.82,3003.27,162266.11,49194.39,65705.15,48801.79,8241.75,551530.47,28690.73909,13857,23476,2301,17220
8/26/2012,86050.35,39920.17,144137.37,24896.13,4303.89,205496.24,72010.24,90829.71,79717.96,12141.91,759503.97,33997.54507,16114,30846,2917,17220
8/27/2012,86874.52,37154.84,148890.54,28681.21,5195.12,318274.56,67720.37,92780.29,86656.46,13069.33,885297.24,40607.69329,13538,34595,3882,17220
8/28/2012,85410.69,34016.37,158324.76,29064.7,5914.05,499730.03,71613.98,84089.12,83904.22,14438.12,1066506.04,38421.63762,14249,41652,3579,17220
8/29/2012,77212.04,35723.2,131368.8,30405.08,5983.59,415846.97,70051.55,76150.28,86260.16,11852.72,940854.39,33901.81922,13663,30107,3738,17220
8/30/2012,71493.27,27769.07,119869.15,22057.15,8518.8,254933.49,58905.55,68798.6,69953.2,10724.45,713022.73,28669.33972,11722,29475,3243,17220
8/31/2012,77904.07,26839.77,120878.54,25024.65,14098.89,209446.19,55483.49,70586.09,67994.06,11936.06,680191.81,24043.00462,10616,30073,1694,17220
9/1/2012,67573.11,25762.33,100033.47,21137.16,2692.32,162444.49,47953.83,77457.19,60933.56,9283.78,575271.24,22909.99738,8616,21371,1844,5415
9/2/2012,85942.76,29098.81,109863.1,22375.54,3112.81,183733.46,62309.52,99696.38,79952.01,10876.14,686960.53,26033.74777,8728,22558,2447,5415
9/3/2012,144407.91,49270.64,177142.26,44200.62,4667.75,489814.65,114131.35,148206.37,131108.06,19466.36,1322415.97,31315.08718,11200,33470,4447,5415
9/4/2012,152330.17,56084.16,169916.64,76920.96,3392.74,1187657.19,130569.14,147487.71,142163.28,24243.77,2090765.76,35474.24816,14639,36111,6364,5415
9/5/2012,158521.77,51215.92,172723.06,59929.85,4365.08,627634.12,135292.79,160585.07,142153.53,21340.5,1533761.69,33186.92075,10128,29469,10779,5415
9/6/2012,76066.83,28215.36,103503.99,28133.24,2719.88,325833.15,60395.25,72608.28,66902.35,13348.82,777727.15,31269.13805,8434,25076,5232,5415
9/7/2012,64677.99,20986.6,95196.43,24092.85,2268.33,249455.62,52165.53,71062.29,59848.68,11177.44,650931.76,28109.93986,7303,24567,4066,5415
9/8/2012,69641.34,22296.09,102835.84,23927.82,2827.59,249969.35,61970.2,89393.15,64838.67,13037.46,700737.51,28343.86851,7153,24679,3001,5415
9/9/2012,99929.06,28476.44,139125.76,32823.8,4134.86,390079.69,86517.53,121895.59,91167.16,17479.21,1011629.1,32824.40548,7472,32541,2965,5415
9/10/2012,96574.63,25358.78,126624.18,34961.41,4381.19,477952.39,85408.91,109126.24,98719.02,15942.85,1075049.6,35472.32185,6727,29833,3772,5415
9/11/2012,94132.33,29316.76,127060.48,34665.49,3950.82,562936.39,85874.94,116031,91100.02,17158.17,1162226.4,31075.53131,6594,29239,3727,5415
9/12/2012,111789.15,26058.24,144476.73,47982.48,4893.73,803507,96111.66,122458.93,109925.05,22118.21,1489321.18,28782.56922,7390,32200,5179,5415
9/13/2012,100195.84,29362.06,142937.11,39970.23,5698.26,731218.78,83275.44,111164.78,112868.98,17171.88,1373863.36,26014.09918,6637,32049,5731,5415
9/14/2012,60476.83,15532.61,96435.16,19370.6,4749.85,208461.42,53896.19,76358.93,58015.79,11693.58,604990.96,23341.46041,5763,19597,3349,5415
9/15/2012,61682.64,17899.68,94856.84,18577.82,4451.6,162821.79,52860.23,73939.6,50607.27,10644.61,548342.08,22561.64767,5150,20045,1732,5415
9/16/2012,91448.47,23672.65,125891.92,23780.31,5893.7,200641.95,73657.37,118018.18,78363.51,13425.62,754793.68,28374.29806,6413,25014,2093,5415
9/17/2012,90411.57,28271.97,123013.89,25677.32,5445.68,228565.57,79175.2,116487.85,99088.9,14139.31,810277.26,32237.81574,7819,24908,1993,5415
9/18/2012,102018.88,33776.03,131106.62,36595.81,6254.68,459526.68,106906.37,110274.46,108231.76,18808.73,1113500.02,30839.27068,8849,25955,2516,5415
9/19/2012,68024.17,24458.1,98915,19686.79,4516.82,241133.08,67486.36,76197.32,77997.38,12715.72,691130.74,28403.97751,7029,20381,2623,5415
9/20/2012,60121.02,22125.77,95943.53,18322.07,6340.62,173855.86,61050.78,73337.24,66505.31,9022.9,586625.1,26167.58394,7479,20935,1557,5415
9/21/2012,63354.42,18463.43,109167.95,24972.06,5098.07,372062.73,58626.46,75724.23,58995.94,12766.22,799231.51,35952.9736,9447,34908,2907,5415
9/22/2012,68444.69,17690.29,113096.15,18978.2,5280.27,245116.28,54821.4,80419.38,60881.72,13030.41,677758.79,19394.12395,7296,29239,2321,5415
9/23/2012,95351.11,32637.98,173640.16,23081.33,9152.44,226824.03,86434.32,109448.25,93598.55,16520.27,866688.44,24077.32908,8300,42519,2196,5415
9/24/2012,96442.34,35599.23,198774.09,32360.35,8668.47,364077.99,84352.75,102259.9,95354.04,19018.24,1036907.4,28228.52474,7961,51148,2510,5415
9/25/2012,104951.82,35237.58,247403.05,37202.9,8054.69,423442.93,101029.31,99152.61,96939.93,22459.36,1175874.18,28259.37653,8448,69112,2726,5415
9/26/2012,83833.52,34072.62,273444.7,27713.9,9173.14,273846.68,79229.15,86223.31,75758.36,19224.14,962519.52,27119.65724,11295,82682,3121,5415
9/27/2012,77656.89,27372.11,171814.6,29036.02,8980.7,198749.58,70070.04,74542.33,65812.14,14432.06,738466.47,24582.97356,9547,53297,878,5415
9/28/2012,64288.17,20653.52,71509.91,20889.41,9144.95,148168.74,54130.84,74316.95,56148.97,11029.86,530281.32,20375.98476,5459,11892,1560,5415
9/29/2012,67338.22,22244.47,78606.01,20592.31,16320.5,212325.86,56784.89,84392.87,57994.78,11651.82,628251.73,20892.67202,8236,12082,2030,5415
9/30/2012,110530.25,37105.54,112626.91,34774.44,39630.64,271127.85,102923.31,131225.98,101906.57,16487.69,958339.18,25404.01194,7688,17029,1970,5415
10/1/2012,64886.83,37453.72,87009.51,37277.14,2189.96,231723.69,87654.68,108426.73,89377.91,14424.86,760425.03,12244.14215,22014,15807,3519,94421
10/2/2012,73720.47,40588.23,78351.56,21784,1137.8,218034.91,74710.94,81830.67,75221.45,11642.87,677022.9,29250.21183,21752,17966,2533,94421
10/3/2012,71028.66,39973.2,66036.59,23692.54,1794.12,169507.9,63672.82,68794.39,71346.44,12254.04,588100.7,26700.24848,22404,14771,2272,94421
10/4/2012,75102.05,38980.08,63996.89,17994.98,1735.37,153856.58,63356.24,61728.77,57436.82,10074.89,544262.67,23689.45069,21386,13232,1793,94421
10/5/2012,63606.03,44910.26,64744.17,18477.71,1606.07,208751.58,62879.04,56920.05,57023.05,9355.94,588273.9,19971.57202,21620,14997,1883,94421
10/6/2012,75238.83,41120.04,64818.29,21357.26,1121.87,210648.07,62454.85,66111.46,60552.99,9632.36,613056.02,18738.29339,20365,13859,1302,94421
10/7/2012,117766.31,64575.31,104110.43,32805.9,1642.64,399061.76,93095.15,108839.78,103179.51,15987.14,1041063.93,22941.06663,22795,19709,648,94421
10/8/2012,95758.96,63754.26,92039.77,25651.76,2047.02,282869.73,89229.58,91609.96,89209.41,15776.93,847947.38,27795.80923,23075,18141,6,94421
10/9/2012,92714.18,64790.21,89749.94,31059.7,2617.84,457366.38,81436.65,76887.85,83430.51,23881.15,1003934.41,26634.95409,28168,28170,1849,94421
10/10/2012,107296.63,67941.96,92614.31,41794.42,2289.4,497831.43,85649.33,79715.99,86097.79,26155.89,1087387.15,28809.53827,29106,29199,6210,94421
10/11/2012,105852.41,74758.97,82552.67,36420.23,2902.79,503858.85,94207.97,80811.71,87848.16,22065.27,1091279.03,28434.82484,24633,17703,5207,94421
10/12/2012,70792.18,54823.77,60726.76,21896.2,2398.01,220241.79,58058.22,53550.11,56613.25,13188.99,612289.28,31757.05757,22673,12320,3008,94421
10/13/2012,74101.76,52359.49,59261.46,20588.53,2542,169019.57,59354.86,63219.08,56616.05,14485.12,571547.92,29396.01087,22199,11984,2028,94421
10/14/2012,114624.59,76701.75,97458.27,29903.76,2772.04,307499.24,87643.37,97095.57,86385.03,14643.36,914726.98,35160.56819,25333,18272,2563,94421
10/15/2012,101633.89,66948.05,83275.49,25665.4,2546.72,268217.01,82792.98,88598.55,88274.98,13038.88,820991.95,40503.98396,25280,16915,738,94421
10/16/2012,102447.45,63484.86,81187.19,25730.25,2605.15,297806.01,83033.46,78824.84,92276.35,12436.21,839831.77,27715.25775,24649,14618,1249,94421
10/17/2012,98128.61,72193.34,84736.51,24548.5,2274.33,321274.56,89764.72,76951.56,82607.28,11250.58,863729.99,24092.84197,24815,14450,1923,94421
10/18/2012,139908.25,91664.07,122075.12,41696.97,2863.89,640531.16,131293.07,97080.26,111815.05,19256.73,1398184.57,24521.91108,28636,18710,2332,94421
10/19/2012,65430.54,55221.44,64717.85,18933.95,2804.48,203680.72,67982.21,59426.19,54235.13,8570.83,601003.34,25796.84138,29473,11824,2101,94421
10/20/2012,77120.52,49656.09,61266.14,19092.92,2539.19,146331.46,60119.49,70749.35,50261.29,9454.63,546591.08,23741.54495,24147,11167,1399,94421
10/21/2012,107865.53,77033.73,103143.88,29334.07,4257.69,379797.74,92546.3,95858.72,82690.59,15923.65,988451.9,29975.83601,31917,28542,2628,94421
10/22/2012,97590.94,78821.29,94846.16,31191.48,2685.11,392779.61,96957.16,85102.76,95398.87,18127.73,993501.11,37915.52969,33514,27113,3562,94421
10/23/2012,94177.93,70731.93,83520.09,27909.56,3048.02,304385.97,90970.34,77901.51,83630.52,13359.19,849635.06,35257.49073,27429,15194,3093,94421
10/24/2012,109710.88,73108.96,100477.2,32676.8,3386.02,328148.22,100869.12,73477.34,87868.13,13470.65,923193.32,34762.22414,26246,16266,2077,94421
10/25/2012,78148.47,60711.89,88896.41,22838.15,2353.08,182512.54,75587.68,61335.84,71574.51,9787.05,653745.62,30447.79882,25406,15435,2296,94421
10/26/2012,66901.75,61187.87,77512.25,21984.09,3416.77,147624.69,71868.55,59347.72,64496.37,9754.17,584094.23,24447.99262,22869,14486,1915,94421
10/27/2012,81357.16,59927.36,73349.58,23415.02,3474.34,139222.87,77789.63,72964.59,57870.45,10844.76,600215.76,24953.41241,20935,12327,1557,94421
10/28/2012,108868.1,86965.91,121699.19,31950.51,6825.52,222599,115043.98,113482.71,99272.56,12754.27,919461.75,30460.16427,23513,20511,1878,94421
10/29/2012,115337.04,87606.59,120236.58,37153.55,6773.7,301004.28,120508.18,116957.37,107142.67,14312.02,1027031.98,33939.08995,24123,19745,2451,94421
10/30/2012,127759.85,88306.5,112796.1,38570.89,7742.87,297777.27,116313.11,97069.7,103007.68,16517.35,1005861.32,32367.34541,22702,18877,2417,94421
10/31/2012,110733.71,93545.6,123128.11,44904.73,10466.97,378183.78,122034.41,86032.87,100881.48,24802.44,1094714.1,26427.31346,25959,26587,3644,94421
11/1/2012,135706.49,131027.79,142629.54,51428.73,2598.64,514458.91,132111.91,120568.61,127358.12,27844.27,1385733.01,33029.15396,29020,33531,5360,112125
11/2/2012,171945.09,151338.18,182739.9,75320.39,2495.33,967673.67,150875.96,135964.5,148885.51,39552.4,2026790.93,32849.16723,37313,51110,7321,112125
11/3/2012,138105.57,109763.7,107214.03,37407.55,2087.85,270842.81,128194.69,118514.2,100468.74,18491.17,1031090.31,37580.17907,19553,18943,6557,112125
11/4/2012,236286.73,180679.1,189011.51,65758.69,4457.08,626248.41,213847.17,185878.13,190041.83,25561.03,1917769.68,53944.97397,24589,28914,3862,112125
11/5/2012,144618.21,101013.32,116584.54,34606.97,2324.16,296100.76,121180.91,110829.24,118477.94,17316.45,1063052.5,63855.34675,20931,19891,3836,112125
11/6/2012,138484.84,94983.22,102787.59,32460.17,2312.29,265331.21,111859.34,98546.91,106530.75,12743.91,966040.23,57210.97031,21280,18060,2646,112125
11/7/2012,174125.88,111386.39,131981.7,44719.09,4391.33,597409,145683.66,108128.47,118608.83,19276.74,1455711.09,55305.01975,24752,21481,2786,112125
11/8/2012,160084.68,110940.4,122925.24,36645.95,3762.75,430941.31,121802.4,104744.33,109927,18829.3,1220603.36,56698.41398,26262,20453,3656,112125
11/9/2012,174527.12,111499.88,114375.69,35459.84,5788.27,303739.24,122649.26,99996.27,102938.77,11669.02,1082643.36,47097.26646,24929,19096,2791,112125
11/10/2012,212033.05,141012,138829.34,46593.48,22715.72,377370.86,144514.83,157991.92,121605.98,18773.97,1381441.15,52854.35715,25074,22590,2807,112125
11/11/2012,337798.97,222170.89,218731.51,73300.02,50123.08,584304.35,240472.09,245282.87,200585,33587.78,2206356.56,68948.30213,29177,32408,3652,112125
11/12/2012,402306.97,256800.28,276111.42,92299.86,49449.57,907018.15,286199.11,253259.77,244949.69,38495.07,2806889.89,73722.88527,35315,41095,5186,112125
11/13/2012,482917.67,294095.72,327321.89,104544.84,88356.98,1012615.9,361798.04,282539.37,282038.99,51030.16,3287259.56,68166.95672,36123,45282,5729,112125
11/14/2012,741669.98,460551.02,397744.65,184106.6,193418.11,2192485.07,574136.75,384983.55,435174.37,85766.43,5650036.53,72681.77801,49207,44983,8909,112125
11/15/2012,242070.77,151008.94,137426.07,48896.91,99966.37,496825.67,161316.18,137969.93,130765.76,26648.87,1632895.47,74875.88443,30998,21058,9273,112125
11/16/2012,222634.52,141885.4,138330.22,49195.81,106306.61,409989.27,157030.59,134937.65,126674.99,22582.67,1509567.73,63205.88831,30255,20344,3376,112125
11/17/2012,308938.74,193504.63,175213.6,70819.25,154310.76,467444.29,203507.91,201074.21,144030.36,30476.23,1949319.98,72044.54893,30726,24180,3342,112125
11/18/2012,623375.89,335139.29,344021.6,130455.12,276484.84,1523788.38,373479.96,370788.6,287852.01,66440.57,4331826.26,114486.9533,39505,43123,6317,112125
11/19/2012,544814,299652.83,306262.29,130653.88,190036.79,1296373.32,353436.56,300867.87,279426.12,58570.11,3760093.77,120082.6482,38265,35070,8151,112125
11/20/2012,336151.1,194230.05,206384.41,80400.32,126632.04,681319.16,222835.28,197836.34,168352.56,35677.29,2249818.55,78390.38177,38503,32218,7294,112125
11/21/2012,310037.09,176304.62,195972.76,84702.42,116329.33,564303.58,197761.79,179591.21,148633.66,35525.76,2009162.22,64292.23307,38993,34013,7509,112125
11/22/2012,296979.3,169599.07,176375.14,75366.8,106242.99,735421.28,166730.77,185020.28,112423.27,34292.4,2058451.3,61462.88959,33652,27579,6552,112125
11/23/2012,636293.85,341387.62,356007.97,171658.28,210025.23,1956077.49,329014.9,361729.2,260904.58,72999.42,4696098.54,145842.6108,45343,53073,9777,112125
11/24/2012,707474.85,378189.43,377122.97,148715.82,256423.82,1128817.09,367951.4,398862.83,272868.4,69837.56,4106264.17,156566.6436,42775,51052,12053,112125
11/25/2012,1109026.55,553165.26,575090.15,230613.11,375454.38,2375497.54,590287.93,571385.37,427130.5,117671.67,6925322.46,246199.0056,53985,72329,13651,112125
11/26/2012,1161686.46,622404.82,595131.26,282808.51,326029.65,2994867.3,692464.07,603817.85,497620.2,117231.83,7894061.95,205029.2339,60175,76385,17242,112125
11/27/2012,895787.71,513545.03,456713.7,187512.21,242308.15,1476972.01,543722.87,433599.29,364075.89,79722.45,5193959.31,139417.0095,55380,60257,11425,112125
11/28/2012,1177489.79,706761.17,656969.85,307957.53,300222.74,3356509.36,867711.32,498472.84,514038.33,122663.34,8508796.27,151889.6091,67452,80309,3,112125
11/29/2012,620459.99,359970.82,327348.12,122315.02,141497.27,1019316.35,357479.76,272036.35,223612.54,54263.27,3498299.49,142772.6827,59110,52350,3566,112125
11/30/2012,692077.87,409294.51,380229.95,126262.15,153853.42,900728.61,398131.46,312403.44,267030.01,64606.17,3704617.59,128707.0504,63235,65859,8391,112125
12/1/2012,1065112.97,642868.53,565418.91,209718.49,239270.66,1930897.83,534329.31,522114.51,381828.89,100775.95,6192336.05,165337.6079,71951,86575,10216,88520
12/2/2012,2333711.62,1318989.97,1052016.69,416960.55,457817.3,4242381.83,1148436.8,1033537.72,865037.69,222903.32,13091793.49,266084.2777,90908,117714,18046,88520
12/3/2012,1050700.46,612331.13,570998.66,190114.84,241854.65,1498366.94,530156.54,438023.6,368857.81,88916.96,5590321.59,209404.4692,74011,79675,21782,88520
12/4/2012,1039865.94,643782.09,671157.35,207372.41,244250.98,1418551.73,589813.46,474617.84,377776.7,80560.1,5747748.6,149557.0416,69984,96466,11429,88520
12/5/2012,1115202.9,683570.29,648878.17,227997.07,244109.17,2417570.52,601546.33,459888.35,411713.27,99648.26,6910124.33,151975.7049,87589,83234,13799,88520
12/6/2012,1024410.67,615184.39,520954.64,170782.99,202402.35,1526969.33,520945.91,430257.41,347019.55,79887.57,5438814.81,129759.7891,79277,69937,14966,88520
12/7/2012,975316.22,539133.58,479529.11,148028.31,171267.58,1176458.9,466403.37,388822.46,311160.76,70051.53,4726171.82,138706.2157,71333,67559,9969,88520
12/8/2012,1289360.9,735503.38,617422.73,186561.67,242605.86,1559945.84,582326.93,554931.86,389060.08,99918.75,6257638,185562.0817,71114,78588,10751,88520
12/9/2012,2400891.57,1359695.04,1123064.51,363575.09,427407.18,3186792.15,1149108.32,1022654.52,810340.36,200649.51,12044178.25,313639.2967,112836,126605,13846,88520
12/10/2012,1507330.58,871283.25,812096.32,227012.41,273863.07,2000518.21,723610.16,650232.2,500645.17,123591.98,7690183.35,278773.2417,109822,106094,19081,88520
12/11/2012,1418255.53,852829.51,693905.57,235742.65,247345.66,2311948.08,723360.98,582151.03,473199.16,116262,7655000.17,159180.3887,112290,85349,16209,88520
12/12/2012,1283042.86,743326.07,584923.95,205102.24,228540.83,1731995.77,642766.71,525018.58,401893.89,112230.53,6458841.43,143654.2409,115772,74022,14823,88520
12/13/2012,1245600.49,757085.92,597712.77,216612.7,231207.29,1859202.74,648907.13,500733.01,406121.55,117220.89,6580404.49,141611.5821,143349,74736,12111,88520
12/14/2012,1189679.24,719655.25,589206.17,217827.3,264330.54,2061224.39,652420.86,468505.81,389287.12,99062.2,6651198.88,114485.378,116494,74590,12876,88520
12/15/2012,910827.01,555570.86,483460.36,156084.65,2776.25,1431677.47,494300.28,497329.13,284281.16,85511.19,4901818.36,138497.6684,86405,62343,13208,88520
12/16/2012,1413168.55,606224.1,754232.82,242762.72,4928.64,2138514.37,716788.72,985886.22,473437.4,132183.17,7468126.71,186752.8226,105810,87589,12795,88520
12/17/2012,1193191.02,761371.4,672590.04,222559,4714.87,1990843.37,658780.55,569087.38,419683.79,127744.48,6620565.9,146122.8628,97599,84372,16254,88520
12/18/2012,900246.28,582931.17,522691.91,160839.72,2035.08,1530020.88,510761.3,426812.89,305366.6,85021.28,5026727.11,86659.49893,89862,62380,13444,88520
12/19/2012,686636.82,474921.28,384144.79,126552.98,2488.96,1221187.76,413142.05,327610.66,248856.24,60905.17,3946446.71,70731.96535,70687,49914,10598,88520
12/20/2012,352065.46,229204.57,183830.32,57815.89,1415.43,495893.88,184550.6,178476.68,132454.17,31780.99,1847487.99,62638.56751,46619,29768,6133,88520
12/21/2012,242100.59,153005.75,140718.08,43461.82,686.06,288649.59,138039.79,135349.73,89393.23,21372.72,1252777.36,47385.33816,35845,23341,3536,88520
12/22/2012,219745.56,131321.88,119646.69,39661.58,1321.97,235857.57,125647.84,124896.07,79058.68,17450.11,1094607.95,40050.95508,32907,22794,2700,88520
12/23/2012,200452.1,123994.7,120973.57,35735.91,875.79,262567.58,115224.83,119233.8,79145.77,21146.43,1079350.48,35479.74456,32289,23728,2472,88520
12/24/2012,127933.31,85870.73,72011.05,23658.34,782.02,169865.2,75365.27,83729.92,53470.52,12979.47,705665.83,32407.81712,26796,13582,1851,88520
12/25/2012,132553.46,95555.71,74860.71,21715.58,552.14,175251.93,78645.54,89103.17,56680.02,12833.77,737752.03,26448.76153,25555,14202,1011,88520
12/26/2012,289638.51,188493.41,167165.74,53236.39,2293.31,379654.5,169013.18,174548.28,135227.14,28940.42,1588210.88,45327.24875,35768,33378,2669,88520
12/27/2012,230954.84,150001.18,178863.42,41579.45,1602.94,437360.96,132982.36,142369.04,112598.28,25991.17,1454303.64,42430.8541,49128,45786,3352,88520
12/28/2012,204981.03,127851.53,150296.04,36560.06,1529.91,308556.12,116755.15,122090.81,105433.94,20031.61,1194086.2,36739.4867,42913,36405,2649,88520
12/29/2012,206826.77,131973.85,141059.57,39988.94,1973.41,274424.07,117770.2,126897.5,108973.77,20582.06,1170470.14,35927.60034,37654,24268,2355,88520
12/30/2012,229055.94,142203.31,169011.97,46174.63,3068.44,305097.83,140827.17,143572.67,123178.25,18289.74,1320479.95,38642.38956,37822,31657,2617,88520
12/31/2012,206009.64,132774.27,150774.17,43919.86,6548.41,460886.34,124682.37,126793.75,113860.5,19725.98,1385975.29,29991.24418,32458,25873,3120,88520
1/1/2013,293641.74,180622.8,165899.85,51993.42,394.61,612676.48,157759.78,172423.75,151756.96,32177.02,1819346.41,49047.69711,16673,37546,2425,5380
1/2/2013,222489.23,140847.95,128440.68,35533.52,370.01,353215.9,121991.54,140602.3,122396.77,17861.26,1283749.16,60315.52667,21277,36205,2808,5380
1/3/2013,177052.93,120997.68,107615.3,31509.59,332.33,284382.19,112384.86,116631.92,112022.6,13810.21,1076739.61,47882.84051,24287,32090,2443,5380
1/4/2013,158820.01,112707.85,96440.18,30128.97,412.38,213972.01,96701.3,103459.36,96472.47,14671.57,923786.1,38752.06044,23017,27384,2000,5380
1/5/2013,182497.95,113289.19,111311.06,34137.7,551.04,293685.66,101022.29,118788.45,100604.01,16450.35,1072337.7,38926.54182,22335,30953,2168,5380
1/6/2013,251843.78,143861.74,134376.25,40137.66,1033.77,386640.18,138012.32,163856.04,135334.51,19902.51,1414998.76,44538.39073,25975,35989,2238,5380
1/7/2013,201104.87,115262.74,109142.88,34564.77,1007.12,393341.46,120546.19,128306.21,128669.15,16788.86,1248734.25,43149.13536,27936,34807,2858,5380
1/8/2013,219771.19,133257.18,117665.78,36047.58,1607.97,393741.22,135665.78,126434.9,124740.87,18684.91,1307617.38,38557.91769,29190,34648,2711,5380
1/9/2013,278101.57,158639.69,140583.6,54034.39,1252.91,550633.01,184419.62,149906.08,164234.42,20600.03,1702405.32,35146.63125,35739,41150,3428,5380
1/10/2013,129853.27,86689.16,75739.06,24390.73,1574.32,458586.78,82781.26,79172.5,70157.12,18294.31,1027238.51,29716.77328,23517,24815,3851,5380
1/11/2013,96330.82,60071.17,69754.48,20180.8,1714.66,269116.57,60045.49,66332.45,59974.92,9169.16,712690.52,28284.44608,18650,20734,1630,5380
1/12/2013,116474.17,68074.13,74024.05,22744.12,1509.6,275912.56,69245.44,88534.71,60233.12,10688.75,787440.65,29321.6465,17389,22928,1687,5380
1/13/2013,158464.67,95308.33,104385.2,32588.99,2201.81,364236.75,92203.73,121797.61,94539.89,17729.75,1083456.73,36455.8583,23069,29260,2174,5380
1/14/2013,152890.86,81266.35,94064.98,35824.89,1549.33,650898.72,90325.6,98257.64,84782.9,16169.92,1306031.19,37247.37124,27849,33795,2398,5380
1/15/2013,152662.47,82348.54,99253.37,36352.16,1644.96,742620.55,97057.17,95911.18,82908.27,15035.77,1405794.44,33771.31041,31105,34602,2468,5380
1/16/2013,219436.93,110764.71,143318.38,72791.92,1470.17,2014871.12,145895.08,113854.74,126222.69,30983.32,2979609.06,31074.92343,61916,63930,4063,5380
1/17/2013,90562.82,64710.59,67606.47,21626.57,1391.52,225260.22,64952.19,65649.87,60089.67,12846.19,674696.11,26633.42664,17239,21450,4720,5380
1/18/2013,85275.61,59039.42,65871.38,15825.43,1850.49,142816.26,55247.2,57623.58,47516.97,6876.35,537942.69,24446.60241,15482,20439,1376,5380
1/19/2013,84639.13,53655.62,60128.85,16362.33,1240.66,144579.07,55357.1,70456.09,47444.4,9579.21,543442.46,23965.1396,14594,16051,805,5380
1/20/2013,133567.9,78783.47,86998.9,21829.5,1222.4,176506.62,82769.95,109355.93,77963.2,12994.96,781992.83,30791.62883,18148,24849,1274,5380
1/21/2013,141696.85,83748.6,90487.69,26959.87,1494.36,292996.46,90735.36,115002.61,86361.27,13295.32,942778.39,33964.52726,21209,27725,2083,5380
1/22/2013,118739.99,76827.93,78399.01,22999.71,1954.77,241099.76,83881.72,88052.34,77352.95,10403.23,799711.41,33341.45673,18808,22985,1591,5380
1/23/2013,140602.85,89264.91,93077.64,31704.56,1662.48,458590.24,102250,94276.21,89781.8,12801.08,1114011.77,35085.0063,20179,26179,1905,5380
1/24/2013,89986.82,60225.53,70771.13,18642.91,1798.86,197951.41,61240.34,68737.45,52679.35,8027.97,630061.77,32213.35343,10294,23280,1343,5380
1/25/2013,87316.31,48253.68,67287.47,18919.17,2207.39,147316.54,62012.43,65833.93,50121.9,8170.72,557439.54,35417.65954,5875,22451,0,5380
1/26/2013,123991.21,67681.33,99494.14,36744.2,1712.69,506783.96,73128.61,98679.99,68314.58,19010.58,1095541.29,37742.67274,28026,39888,0,5380
1/27/2013,189394.96,82514.14,150042.34,57715.43,3269.03,889419.52,126619.78,189357.28,112712.48,28382.03,1829426.99,45868.87208,46555,56450,2150,5380
1/28/2013,122131.83,62434.1,98172.41,24170.9,2556.7,283047.68,85439.95,109532.68,81897.44,12642.65,882026.34,45581.81902,22647,34216,4498,5380
1/29/2013,121983.03,75839.11,106413.97,24607.09,2756.58,231503.05,91976.49,90855.56,75015.27,11214.1,832164.25,42323.64192,22186,39695,1827,5380
1/30/2013,174150.38,98183.38,171375.93,41779.56,4068.58,490546.47,121589.91,95141.09,92832.08,15719.58,1305386.96,40045.73511,31282,67795,782,5380
1/31/2013,165526.27,117622.35,276100.91,41558.39,6408.37,430700.71,122626.08,89020.57,93554.03,21778.9,1364896.58,38509.21377,49008,135044,1223,5380
2/1/2013,139225.7,79332.75,75684.56,31047.74,2398.92,270073.43,91030.56,88382.53,82264.73,16045.69,875486.61,34181.58743,17137,18733,2859,5486
2/2/2013,80126.56,55013.63,56010.39,19385.48,1381.04,231652.04,45923.18,73808.97,46189.69,16426.14,625917.12,37421.63839,14091,16449,2086,5486
2/3/2013,92901.79,56870.14,63642.37,20037.72,1791.01,217235.95,56026.04,84769.92,57010.26,21481.55,671766.75,37320.93678,15599,17926,1624,5486
2/4/2013,87636.67,68140.02,66631.92,25490.11,3721.21,302920.2,71212.86,84151.22,64234.53,12223.49,786362.23,40617.43261,19534,18154,2217,5486
2/5/2013,97736.52,63265.23,59721.15,24251.42,2749.07,256772.8,79775.42,76539.27,58470.74,12560.3,731841.92,55565.08899,17577,17460,2709,5486
2/6/2013,109800.02,68790.3,64029.98,31405.65,3382.51,296976.19,71491.96,79389.57,62752.7,13158.66,801177.54,56113.91438,19221,17415,2797,5486
2/7/2013,93781.1,69728.31,64382.53,20832.7,3401.72,166797.9,75133.87,77230.6,68601.32,9732.15,649622.2,51425.02675,16366,16039,2812,5486
2/8/2013,94105.27,59122.88,65951.31,21150.64,2571.38,191112.33,65964,71877.12,52033.8,11446.54,635335.27,47370.73966,14875,17017,1925,5486
2/9/2013,87467.2,58112.01,69591.27,22451.73,3826.56,158733.55,60522.99,82719.81,50068.31,10277.29,603770.72,44289.67092,14179,18654,1579,5486
2/10/2013,123055.48,67435.09,118387.12,28206.99,3338.4,191287,80280.86,112927.92,71821.23,11955.68,808695.77,51293.13973,19099,31226,1671,5486
2/11/2013,111887.06,70302.22,138778.43,26367.58,3036.98,255906.54,86788.14,93557.27,68074.11,11211.71,865910.04,54161.56761,19459,34170,1794,5486
2/12/2013,97049.03,57959.78,60598.84,21424.15,3680.57,210677.81,72375.39,82318.75,59710.67,9685.2,675480.19,40129.86858,13546,16278,1666,5486
2/13/2013,89332.78,52481.27,51628.91,21771.72,3939.5,226088.84,68278.21,70209.39,56347.69,9492.49,649570.8,30491.17382,11194,14232,1768,5486
2/14/2013,50661.74,30692.09,31889.67,14059.77,2120.39,129992.1,41753.09,41654.59,30516.5,5344.37,378684.31,26732.11193,7447,8719,1084,5486
2/15/2013,63156.47,42530.77,42412.15,15526.68,2924.61,122478.15,47923.62,57749.08,37501.96,9680.16,441883.65,18836.46784,9298,11686,1305,5486
2/16/2013,68464.6,44451.54,47621.06,19241.35,3031.23,241686.22,47464.24,65500.36,39136.77,11859.86,588457.23,21531.15154,11812,17540,1656,5486
2/17/2013,92850.14,59098.97,59746.9,23272.51,3638.77,248232.68,66677.12,89026.74,55722.31,13433.08,711699.22,24880.31155,14275,20098,1681,5486
2/18/2013,99456.7,57883.26,67794.16,22336.41,3828.68,216963.37,69923.4,93775.19,60297.19,11105.31,703363.67,29695.84877,14661,19541,4436,5486
2/19/2013,88307.07,55964.27,60366.3,22833.21,3123.1,163115.83,62008.82,71522.46,54391.85,9963.76,591596.67,25320.65513,11737,17142,3158,5486
2/20/2013,80067.67,56023.16,59729.56,19459.97,2718.07,157290.24,65289.03,70149.64,54701.83,8879.33,574308.5,21935.3743,11187,16096,1608,5486
2/21/2013,73158.37,50440.49,51751.05,19921.03,3885.24,171387.88,58281.49,62329.72,44684.67,9021.97,544861.91,19238.95568,11880,16199,2040,5486
2/22/2013,73832.49,43032.2,50699.42,23868.54,3774.93,123876.75,49775.26,58867.33,45853.64,9091.96,482672.52,15421.49063,10284,15335,2641,5486
2/23/2013,78494.19,48362.48,51558.68,18460.24,3093.42,114519.68,50085.58,70160.41,43934.21,7713,486381.89,16724.54491,9686,15255,2048,5486
2/24/2013,108987.88,69852.72,72493.56,23953.68,4571.36,146125.84,71408.33,93554.67,72118.01,10001.73,673067.78,21966.86939,12002,20018,468,5486
2/25/2013,97920.56,59157.07,61449.75,27149.5,4821.47,213413.96,74719.19,84557.46,63950.88,10165.69,697305.53,23771.60068,13114,18347,1000,5486
2/26/2013,109220.07,67807.15,87563.39,24934.89,6288.54,219722.69,88753.73,92291.61,74767.87,10406.71,781756.65,21860.66412,15812,32670,1627,5486
2/27/2013,153474.83,88195.64,102591.51,33892.13,9475.68,288004.31,111739.09,101141.13,95623.67,11707.58,995845.57,21565.31981,18604,36194,1949,5486
2/28/2013,80254.78,58832.39,76728.07,21645.68,13899.83,184936.1,65234.78,61440.97,50633.39,9769.01,623375,20377.24732,18126,30340,1927,5486
3/1/2013,64572.08,41946.55,45479.53,15129.85,1872.17,106560.88,49350.61,54454,39305.53,5924.37,424595.57,19501.8923,10383,16164,1454,16470
3/2/2013,80206.83,44303.24,53476.44,16912.44,2140.88,115157.92,51762.98,76819.89,43250.96,7363.92,491395.5,19418.13624,11264,16142,1089,16470
3/3/2013,106062.8,70272.68,77787.19,23594.47,2790.54,150220.32,80820.05,103312.14,65863.3,9721.96,690445.45,24767.2826,14547,21962,1416,16470
3/4/2013,104566.77,59505.29,68607.83,20666.22,3279.52,259424.36,76990.33,93326.74,75233.3,10110.26,771710.62,25951.93718,17222,22689,2048,16470
3/5/2013,110514.42,72521.64,69836.52,23767.84,2243.75,262824.06,83466.23,87780.32,82401.83,12991.6,808348.21,23827.58792,16480,22632,1714,16470
3/6/2013,132766.61,86505.29,86622.07,30386.02,2603.47,397802.11,101715.09,102032.08,96358.13,12733.31,1049524.18,21457.59804,18696,27452,2112,16470
3/7/2013,76766.1,53119.1,56852.94,16667.56,2475.11,167437.1,54511.59,66047.79,49667.94,7317.24,550862.47,20258.0636,14332,16142,2237,16470
3/8/2013,71554.48,44821.72,50504.24,14210.09,2429.62,106110.59,48038.98,60149.42,42689.14,5652.49,446160.77,18119.05243,9960,13755,1501,16470
3/9/2013,76678.89,56913.23,55667.72,19817.38,1620.33,139920.66,52778.56,75088.13,44297.17,7100.71,529882.78,18817.12896,11626,15391,1355,16470
3/10/2013,107789.24,62620.51,72336.52,25770.08,2218.15,205523.96,65557.65,94956.18,63772.83,8821.96,709367.08,21702.365,13699,18847,1796,16470
3/11/2013,102236.26,67460.57,67817.82,18910.59,2114.9,187182.71,65414.35,84468.58,62335.64,7070.02,665011.44,28268.88198,13144,18620,1869,16470
3/12/2013,98920.42,55653.29,73175.17,20185.82,2377.28,176519.3,65128.77,73224.01,60375.04,7332.55,632891.65,30538.28194,13525,18756,1535,16470
3/13/2013,92581.4,50226.15,68199.54,20667.33,2715.84,207430.3,67280.48,69968.66,58855.77,6929.85,644855.32,28687.79196,13178,17574,1386,16470
3/14/2013,86859.01,54927.78,67945.97,18404.37,3768.23,141877.15,55654.55,66128.13,48371.05,10666.51,554602.75,28266.31203,15038,20041,2370,16470
3/15/2013,72437.94,46022.52,56254.09,15144.05,6090.19,94442.54,50643.61,63479.46,38741.31,5136.28,448391.99,24505.04004,12816,18495,2386,16470
3/16/2013,86766.06,52257.41,68257.51,22349.48,2132.63,269546.8,57168.92,77695.13,45862.98,7434.98,689471.9,28465.12717,19293,25099,3644,16470
3/17/2013,110354.71,57066.28,79889.74,22639.96,2936.35,133416.67,66125.71,107449.6,61922.89,12343.41,654145.32,37677.02238,14941,21507,2729,16470
3/18/2013,104937.87,57756.77,82176.74,24060.42,3694.08,186039.02,74276.65,92162.77,68735.75,10886.56,704726.63,44367.47766,17728,23883,2210,16470
3/19/2013,105705.94,55658.3,94075.72,21506.35,4347.71,163127.93,64760.59,89131.82,60713.86,7901.48,666929.7,36146.79286,16760,27555,1586,16470
3/20/2013,88998.85,57592.6,66071.09,25730.94,2832.53,251058.24,63386.75,81484.02,53065.59,7592.97,697813.58,31914.14433,14178,19700,2468,16470
3/21/2013,87903.6,60013.7,66499.35,23528.21,3903.93,194256.99,54864.58,65201.66,56459.7,7561.47,620193.19,28039.63797,14590,20223,3225,16470
3/22/2013,80856.16,46687.57,67654.36,19178.11,4188.46,169536.49,55891.19,55655.58,44741.5,8326.63,552716.05,27708.69921,16613,22098,1655,16470
3/23/2013,90275.88,45813.66,61933.24,17748.84,3540.95,173172.06,53358.03,73237.96,43633.53,7045.01,569759.16,32701.6305,16539,18722,1565,16470
3/24/2013,130621.33,76446.14,89051.81,32667.8,3825.78,378772.49,82833,118491.38,78188.61,10509.04,1001407.38,42724.87504,19521,28021,2532,16470
3/25/2013,144826.29,79708.22,88885.12,37702.46,4878.01,493972.52,95124.17,103007.39,89706.85,13078.27,1150889.3,50127.52862,22469,29714,3345,16470
3/26/2013,171659.5,89531.86,96826.89,47875.38,3289.65,684701.79,110295.39,106698.02,105267.78,14002.29,1430148.55,43500.77042,27195,35784,3779,16470
3/27/2013,158078.71,86232.15,98847.85,47795.2,4018.15,726793.47,99944.23,89266.72,98946.39,14623.54,1424546.41,41258.39399,36241,40559,4788,16470
3/28/2013,97056.03,52644.3,78845.6,29890.53,3969.69,224134.6,66680.35,65857.68,53048.49,7611.81,679739.08,36139.64844,23594,32329,4175,16470
3/29/2013,89125.87,46600.61,59333.23,19571.28,3064.87,136649.33,49817.53,59343.68,43458.59,7732.41,514697.4,30796.6056,16267,15210,1854,16470
3/30/2013,82022.88,42887.36,66681.53,15887.11,5149.68,114104.23,47918.58,63407.35,34137.45,5956.63,478152.8,27761.0117,15278,17824,1495,16470
3/31/2013,126504.05,71982.36,106758.54,31727.45,9544.45,293312.07,70878.22,98465.08,65294.08,10622.86,885089.16,31583.501,23597,31488,378,16470
4/1/2013,147813.08,77962.58,71000.62,39693.04,3238.92,516275.4,89564.36,114490.65,91620.55,13017.44,1164676.64,49369.59739,15038,19160,2374,11453
4/2/2013,193796.29,97056.76,81328.95,64881.98,3682.27,694496.16,123821.12,130059.02,105377.25,16836.17,1511335.97,49120.21747,19192,19583,5045,11453
4/3/2013,172099.16,91604.8,79849.91,38219.13,5133.12,343557.67,125107.2,116656.13,105277.37,11484.72,1088989.21,46390.38948,15669,16881,5073,11453
4/4/2013,87017.45,58711.45,51400.06,15553.44,2370.46,153547.82,53654.91,73244.63,49660.47,7431.65,552592.34,41536.76373,9987,11100,2467,11453
4/5/2013,81408.34,39391.88,41339.51,14729.5,2273.45,117710.98,51329.05,66823.19,40329.45,5946.21,461281.56,32648.93281,8116,9151,1427,11453
4/6/2013,89073.36,43109.24,46831.79,17841.03,2188.31,177420.83,51418.43,71961.09,42063.36,6190.1,548097.54,32908.64443,8263,10018,1436,11453
4/7/2013,129280.09,61284.8,65319.95,23892.54,3137.75,213850.26,73727.16,101563.69,66809.44,8103.01,746968.69,41757.56583,10321,13247,1818,11453
4/8/2013,121969.01,59047.99,56915.04,26929.68,4318.32,311037.07,80898.27,94820.65,69945.65,11333.13,837214.81,53920.97768,11491,12597,2335,11453
4/9/2013,117330.23,56176.47,55547.68,24080.85,3493.34,217714.38,77598.2,88866.59,60259.54,8928.18,709995.46,50564.62136,10424,11364,1768,11453
4/10/2013,131823.91,59901.04,64551.21,22003.18,5219.32,285698.65,83096.75,83248.96,65211.83,8424.18,809179.03,48650.40807,11338,13012,1709,11453
4/11/2013,110481.85,51756.78,58902.24,22222.85,4905.49,180299.52,68812.2,82329.86,48328.9,7855,635894.69,44790.56434,11472,12466,1906,11453
4/12/2013,90271.93,47166.85,60852.91,18339.82,4327.64,122418.92,62166.45,74771.5,46836.62,6317.01,533469.65,36736.1327,10005,12823,1734,11453
4/13/2013,97283.18,49338.84,83480.04,19348.45,5178.2,117702.37,61553.01,80147.01,47824.78,7867.37,569723.25,31860.1612,10363,17955,1429,11453
4/14/2013,142163.54,70964.77,70550.27,25988.7,6797.84,148694.7,86544.61,120328.55,70463.76,10756.73,753253.47,42800.26624,10934,13793,1631,11453
4/15/2013,128889.63,69407.9,70364.31,27272.03,6406.14,211653.5,89887.88,99209.97,67045.36,9636.32,779773.04,47284.11961,10818,12739,1989,11453
4/16/2013,129809.13,61780.2,57616.9,23147.58,6890.73,182370.6,85199.25,94445.76,66658.75,9761.6,717680.5,45707.79724,10555,11562,1926,11453
4/17/2013,122247.3,64584.18,60253.12,30692.28,7624.6,203244.78,90686.4,95781.36,69342.64,9364.88,753821.54,46333.27001,11041,13840,2101,11453
4/18/2013,120052.12,61451.88,64668.49,25611.48,6261.67,219766.5,84589.99,89541.77,59749.19,9470.87,741163.96,43153.22985,11527,13181,2050,11453
4/19/2013,95860.44,49111.2,58194.28,21223.55,5595.57,142738.59,69994.51,74039.56,48784,8935.68,574477.38,35056.3937,9385,12419,1714,11453
4/20/2013,109221.99,58602.31,68311.52,29547.89,6324.63,299273.72,70297.47,92862.95,52466.35,10797.74,797706.57,36482.61501,12188,18604,2219,11453
4/21/2013,169017.52,89249.44,92076.97,39465.44,7899.69,361636.54,114268.58,129602.87,81294.24,14140.44,1098651.73,49390.04155,15291,21297,2662,11453
4/22/2013,152756.32,77862.54,82584.24,31576.61,7125.26,283382.78,105396.93,115727.01,83441.39,12136.96,951990.04,60354.72761,13003,18115,2237,11453
4/23/2013,167543.01,78316.25,85049.23,31969.5,6933.6,314436.8,108883.97,105321.16,82473.17,14685.48,995612.17,54616.20052,14252,18491,1855,11453
4/24/2013,193405.72,86075.71,88079.27,43326.46,8141.73,529033.37,129916.46,112105.62,95587.78,14094.92,1299767.04,49308.59769,14712,18962,1864,11453
4/25/2013,117866.05,81436.94,82027.11,24518.16,6531.09,262712.54,83595.44,83338.99,58166.39,21250.18,821442.89,43409.12454,13939,25345,1727,11453
4/26/2013,109067.13,61138.24,67481.42,24096.65,7381.06,165979.14,75069.93,82764.23,51721.14,8780.1,653479.04,35548.54825,13614,19000,1890,11453
4/27/2013,116232.51,59438.76,67590.35,20436.77,7346.43,152842.87,74234.52,92133.68,52856.57,6815.3,649927.76,32861.6651,13027,16749,1695,11453
4/28/2013,192702.9,97754.34,101447.25,34319.53,11817.51,219644.04,125104.63,141805.56,99084.37,13329.79,1037009.92,46299.25659,16542,22879,1715,11453
4/29/2013,209097.28,110087.99,99031.62,44720.59,16468.88,345515.35,144752.5,148681.2,105797.7,15797.25,1239950.36,55207.66068,20113,23444,2347,11453
4/30/2013,252199.42,141308.47,126031,51426.98,29998.34,348210.11,180303.29,172171.43,124509.08,16692.84,1442850.96,47150.08108,23267,26871,2297,11453
5/1/2013,280751.67,165772.49,127260.43,60509.65,14007.03,616491.01,203730.95,183750.94,146915.77,19560.19,1818750.13,46118.57305,24550,27266,2364,4566
5/2/2013,176246.06,126663.09,91861.38,29498.93,9579.92,389301.06,106468.96,129459.36,82158.3,31886.14,1173123.2,43307.80333,19927,23029,2592,4566
5/3/2013,130180.25,97827.34,73560.8,29127.97,7958.6,211309.4,91089.74,98066.24,60488.8,10072.91,809682.05,37180.16422,16310,19009,2088,4566
5/4/2013,137391.6,84957.57,76950.18,29994.66,8871.52,180949.75,94385.43,115605.98,61832.6,10105.69,801044.98,33694.7559,14982,18472,1960,4566
5/5/2013,218088.51,142528.63,115512.14,53816.5,13111.8,383872.2,155250.05,181576,105352.73,15542.95,1384651.51,46506.83541,20949,26767,2679,4566
5/6/2013,220610.43,140726.59,118568.42,55646.8,9579.81,447687.04,162728.55,180369.58,109664.4,16956.15,1462537.77,63243.93431,23585,27031,3212,4566
5/7/2013,218674.21,132719.6,107715.64,52152.53,10974.77,431943.7,149002.13,172374.33,100179.99,13858.99,1389595.89,55788.04375,23762,26278,1284,4566
5/8/2013,174595.06,104264.74,87327.89,38687.15,6753.25,371872.59,112575.42,119120.02,83211.4,12346.43,1110753.95,48620.30089,19305,23331,2053,4566
5/9/2013,119105.5,189590.77,67575.99,28270.5,5290.52,134282.36,78391.93,105106.76,49363.76,11828.45,788806.54,42626.0588,15748,18661,2354,4566
5/10/2013,118077.72,71165.1,62526.03,23803.94,4241.44,140407.88,76973.42,86406.53,56612.39,8693.62,648908.07,32671.18942,13325,15469,2125,4566
5/11/2013,119824.08,59791.41,57907.47,21918.47,4322.05,118720.95,77471.88,91818.02,54016.2,9771.32,615561.85,31503.14995,12589,15676,2000,4566
5/12/2013,144282.31,71824.31,64306.49,28095.34,4467.57,131640.15,89826.71,111905.56,72547.35,9041.36,727937.15,35735.14272,14307,17070,1815,4566
5/13/2013,161393.01,84724.98,90021.69,34952.51,5654.45,280153.79,109575.17,118454.75,87483.62,12583.41,984997.38,47228.31186,17674,22832,3091,4566
5/14/2013,153224.61,72039.06,82723.81,32775.5,7531.59,234468.56,105360.18,108755.23,78375.9,14006.73,889261.17,41907.2421,17517,22813,3773,4566
5/15/2013,155223.25,76097.74,71006.4,32255.03,6523.58,252472.97,97675.05,93284.07,88090.75,12272.42,884901.26,41026.96621,16543,18265,3217,4566
5/16/2013,121684.98,64830.75,61069.41,21415.45,5311.63,173382.82,88555.42,85033.74,74401.09,8829.12,704514.41,38385.23761,15228,16778,2505,4566
5/17/2013,105044.63,59008.2,54856.66,16995.68,4722.21,129192.15,79208.14,72990.89,60024.63,8319.56,590362.75,29292.8343,12322,13991,1921,4566
5/18/2013,101535.18,51624.83,49711.11,16527.1,5050.59,105836.54,65427.5,79186.26,51982.76,7649.6,534531.47,25429.52018,12306,12795,1516,4566
5/19/2013,156362.56,73426.55,71429.24,27608.8,5619.83,148789.92,97323.68,123377.55,89019.13,13247.45,806204.71,35462.18343,17114,17107,2021,4566
5/20/2013,159339.61,83501.11,84216.2,32126.06,4979.1,246979.16,109408,120419.93,105021.33,15422.91,961413.41,37305.49052,16565,19499,2409,4566
5/21/2013,161866.57,85178.67,81878.02,32400.17,7080.53,248906.91,107635.83,104209.08,101150.19,12325.89,942631.86,35468.30004,17114,19838,3400,4566
5/22/2013,191032.52,88530.91,97410.74,41150.23,7039.07,488062.39,120150.3,115138.21,130350.1,15357.88,1294222.35,35643.80485,19415,21683,4190,4566
5/23/2013,117406.68,68178.31,73424.54,26018.82,5512.54,176573.1,85510.23,85670.19,80064.17,10962.37,729320.95,27663.50579,17277,19179,3346,4566
5/24/2013,105178.8,65633.05,73575.35,22658.09,5070.75,141264.18,77387.12,76997.55,72792.89,12997.18,653554.96,21251.17593,16689,20158,2203,4566
5/25/2013,99502.31,50825.04,61302.61,20765.47,4744.37,135997.55,67896.1,75088.99,51305.29,9545.67,576973.4,19700.36047,13170,17569,1857,4566
5/26/2013,98348.39,58804.88,68536.93,20595.08,5845.99,150239.58,68143.57,80480.75,57999.3,9030.09,618024.56,21023.19121,14170,18651,1637,4566
5/27/2013,169243.14,84996.13,94011.22,42053.24,6480.98,444517.53,111242.92,133358.54,89288.59,19799.42,1194991.71,25820.19901,21653,26504,3318,4566
5/28/2013,193265.52,94465.39,107546.81,56144.03,8787.69,624992.82,126854.45,141795.06,120408.33,20615.97,1494876.07,33827.72802,26772,32284,2102,4566
5/29/2013,153950.9,91067.09,112324.17,32483.56,9325.67,380029.02,117860.89,124897.05,110728.6,15508.9,1148175.85,36719.35036,24485,38357,2125,4566
5/30/2013,119989.96,79409.07,106943.05,30201.83,11600.13,252698.18,90908.31,90587.58,86517.58,11261.72,880117.41,37087.14344,20692,34817,2914,4566
5/31/2013,133616.9,83545.85,115511.81,32871.85,19955.95,197111.98,90825.05,83735.77,82879.7,13351.51,853406.37,31941.32219,20819,36173,2756,4566
6/1/2013,108554.97,59710.83,74422.17,22395.05,3407.08,211032.59,72198.65,77640.44,59391.92,9211.87,697965.57,28267.82812,13393,22060,2102,12348
6/2/2013,165571.24,95159.49,96899.24,38012.82,2779.71,313841.42,105551.96,117249.79,93192.71,14196.81,1042455.19,35165.54139,16426,27718,2528,12348
6/3/2013,176742.77,103316.09,118479.89,41401.2,3263.66,322579.04,124701.87,133223.2,117285.73,14583.06,1155576.51,42386.14884,21282,32595,3200,12348
6/4/2013,190119.79,115470.77,118278.6,43077.02,4188.43,294749.99,134455.59,134727.84,125744.79,16173.4,1176986.22,39620.76518,21546,32454,3896,12348
6/5/2013,229582.61,147733.5,140277.18,62257.16,4244,546001.59,174945.98,158570.34,156884.65,18592.46,1639089.47,39812.10159,25684,38319,5209,12348
6/6/2013,163674.49,113466.08,117087.52,42349.32,2916.63,385004.16,126327.49,113834.25,100551.06,14288.37,1179499.37,35479.72349,23801,33000,4862,12348
6/7/2013,132230.04,98698.86,95882.19,38743.99,3235.74,246746.73,99905.89,92388.07,88284.59,8952.68,905068.78,30903.42741,22608,31701,4323,12348
6/8/2013,123351.19,87953.71,94801.21,33679.01,2290.1,191236.73,87127.12,99460.29,62271.07,11639.69,793810.12,28715.57398,19339,30514,3940,12348
6/9/2013,182453.8,132668.43,138265.8,53447.18,3728.22,416974.6,123165.02,136494.64,99966.3,15656.68,1302820.67,33509.60014,27102,47885,4239,12348
6/10/2013,194193.01,152532.17,134316.89,45379.98,4552.16,464601.41,144959.5,147813.56,119822.49,17232.37,1425403.54,41278.0554,28711,36267,4826,12348
6/11/2013,179190.73,133493.44,121451.79,39243.06,5548.47,445969.06,131467.23,130438.94,109988.44,15949.7,1312740.86,38164.23047,29969,33941,3850,12348
6/12/2013,134649.79,96084.49,125648.62,31281.32,3379.16,264325.48,106481.35,102048.5,81029.74,11478.04,956406.49,36561.48879,29333,34798,4821,12348
6/13/2013,124089.95,83832.44,137738.82,26368.18,3569.73,195453.97,91113.83,87284.79,71422.97,8723.53,829598.21,33362.75079,31371,35589,4452,12348
6/14/2013,94931.52,65688.23,77816.72,20191.56,3045.53,141541.04,72686.55,73307.52,64993.13,10480.85,624682.65,25776.44448,19737,23001,4169,12348
6/15/2013,84328.99,47160.02,62641.39,16064.91,3039.97,105721.94,52349.71,68491.49,51985.46,10316.76,502100.64,22524.91902,16425,19113,2727,12348
6/16/2013,101498.96,59981.37,75717.17,23498.35,2814.26,183077,67850.26,89158.33,57541.78,14898.79,676036.27,25161.82916,18927,21579,3380,12348
6/17/2013,115632.84,66874.03,79343.52,23548.68,4788.56,217916.49,78724.51,104374.46,83835.71,12918.72,787957.52,28659.13652,20048,22719,3842,12348
6/18/2013,119076.13,69229.87,86560.93,26467.4,4307.96,234438.7,93594.66,100139.6,77723.74,14321.17,825860.16,27205.94348,18682,23980,3712,12348
6/19/2013,94315.89,55909.58,71279.68,19137.36,3709.49,237974.67,76393.91,74829.62,65335.21,12107.33,710992.74,24723.39997,20302,21937,1964,12348
6/20/2013,86706.57,53256.38,76793.64,20008.97,4461.39,192961.77,71324.26,75947.85,64898.37,12168.5,658527.7,22737.43234,19072,22728,1736,12348
6/21/2013,76463.1,46298.68,67175.73,19854.75,4020.62,152369.02,60648.27,70688.96,51776.52,8197.66,557493.31,19441.00885,16996,20412,1980,12348
6/22/2013,76269.32,40528.2,67187.11,18414.27,2916.95,142824.85,53966.25,65492.06,43007.81,13725.68,524332.5,17347.91157,16185,20242,1637,12348
6/23/2013,118209.03,61835.39,110935.81,28576.09,4679.89,287844.46,82242.6,93620.84,75050.23,14381.57,877375.91,22579.32631,21535,34440,1871,12348
6/24/2013,137832.09,76449.48,133842.2,35316.25,5497.7,384203.64,96864.35,110476.06,98794.13,16250.25,1095526.15,30745.82213,23148,43724,2744,12348
6/25/2013,156434.54,90506.13,173601.49,45898.83,5803.63,523695.97,109419.83,103968.4,106220.52,18712.12,1334261.46,33814.89062,25952,64663,3391,12348
6/26/2013,140278.06,76243.54,131072.18,35144.19,5168.05,449717.06,97174.06,96728.28,91004.55,16616.17,1139146.14,30607.5302,26883,50559,3942,12348
6/27/2013,96377.31,62837.79,97366.52,25188.9,5351.57,204028.1,72983.94,83760.9,63391.47,14582,725868.5,25359.55208,24167,35382,3262,12348
6/28/2013,88841.01,52280.16,57441.91,18757.78,5838.46,129800.66,65485.31,75817.04,54562.62,13338.36,562163.31,18693.39617,20532,17710,2253,12348
6/29/2013,86616.87,44246.29,53566.15,20604.62,6307.02,193256.23,53022.81,82277.27,51031.79,16128.1,607057.15,18619.67549,14750,15488,2195,12348
6/30/2013,123592.89,64546.71,81915.12,30779.61,15628.79,276732.97,84922.89,115348.68,73103.05,31601.02,898171.73,24053.8511,13338,22832,2661,12348
7/1/2013,119143.3,66240.26,73045.54,23436.22,1923.12,261206.4,83784.23,101985.11,77983.73,10327.6,819075.51,29959.31289,9354,15761,3338,5354
7/2/2013,108497.69,68164.67,69269.37,26067.65,1911.74,243151.74,84202.57,85102.87,70956.68,9921.04,767246.02,26714.53319,10695,15023,2145,5354
7/3/2013,87587.12,54454.73,54977.99,18748.99,1538,168470.72,61395.53,70275.4,55563.78,9503.38,582515.64,22478.35093,9219,12816,2032,5354
7/4/2013,70880.22,43525.28,43772.36,14960.29,1048.97,103542.79,46963.93,59940.86,37184.19,7119.71,428938.6,15128.98605,6854,10063,1595,5354
7/5/2013,92450.53,59218.27,54860.86,26345.55,1208.49,246191.98,71685.97,75605.95,52813.58,11496.86,691878.04,20205.21145,10428,13690,2304,5354
7/6/2013,100952.82,56388.78,57550.4,26390.18,2152.86,305678.69,64793.96,85411.02,55403.01,12491.45,767213.17,19016.50913,11070,15472,3450,5354
7/7/2013,175584.73,99314.15,89489.13,56606.55,3642.01,651181.27,110892.57,148242.34,99401.4,22738.91,1457093.06,24937.05667,17852,24219,5069,5354
7/8/2013,120151.11,73301.33,71775.32,27364.8,3864.68,224294.57,93351.34,109599.15,77811.62,11933.3,813447.22,29252.07437,11588,15665,5045,5354
7/9/2013,136418.35,79871.79,64143.23,31728.59,5474.85,229127.44,101434.04,98924.97,83839.98,12157.5,843120.74,26559.03584,13322,13450,2978,5354
7/10/2013,149681.24,81258.52,68361.07,38618.5,5425.49,243290.25,115069.85,108430.48,89798.49,13244.27,913178.16,24333.41539,13630,13402,3539,5354
7/11/2013,90519.74,55894.72,50336.32,21985.67,3712.54,175240.83,63418.46,79645.66,59233.77,9775.82,609763.53,21478.94187,13849,11556,2901,5354
7/12/2013,78074.06,48529.38,48886.54,18619.5,4044.28,127263.33,60971.85,66450.1,46971.12,8597.46,508407.62,18630.97117,10743,10376,1989,5354
7/13/2013,82808.18,48569.76,45066.68,21770.87,3534.76,240870.02,51752.25,72747.51,49758.29,10897.53,627775.85,17908.15839,11458,12551,2504,5354
7/14/2013,107034.9,64632.45,65642.3,30047.04,5143.38,240473.71,77910.3,100407.57,68968.51,13459.51,773719.67,25722.30808,14104,15584,3700,5354
7/15/2013,114007.85,66960.63,58049.69,23028.01,4299.59,240973.32,85521.46,101325,73537.4,13505.01,781207.96,31540.27341,14807,14019,3046,5354
7/16/2013,112439.02,63286.43,62873.87,22228.14,4814.91,234790.82,79034.06,92554.4,66854.91,11764.37,750640.93,29614.16165,13281,12992,2102,5354
7/17/2013,125695.84,65390.74,62035.47,24382.76,3235.94,327737.56,87402.98,88291.77,74548.32,10527.86,869249.24,25600.48958,13215,13875,2062,5354
7/18/2013,107867.44,60171.04,58810.31,22467.82,3691.51,164571.43,72830.81,84341.64,63088.07,12130.09,649970.16,25515.19092,11586,13442,2039,5354
7/19/2013,104271.65,58378.37,54366.86,20294.75,3787.96,192538.59,63130.34,77115.43,60026.62,10558.08,644468.65,21801.57995,14363,12037,1982,5354
7/20/2013,94509.91,49597.32,51791.71,20035.72,3540.93,155613.18,53337.19,74944.53,49027.01,8805.37,561202.87,22218.79368,10174,12093,1596,5354
7/21/2013,130434.7,66286.55,76546.93,22131.21,4060.9,207676.5,77123.42,109202.95,72960.66,11688.65,778112.47,29412.90481,12619,16900,538,5354
7/22/2013,141470.57,74185.5,88802.25,28054.61,4529.8,290041.65,92964.23,115897.82,86043.77,13337.21,935327.41,35275.37005,15903,19508,1690,5354
7/23/2013,151811.34,80090.56,110061.92,30613.16,4734.28,308565.52,101877.97,103620.79,91319.33,14318.86,997013.73,30313.71538,16327,22903,2321,5354
7/24/2013,154957.72,80658.33,69932.84,41894.83,4777.95,558012.41,124692.8,108376.37,112053.23,13612.31,1268968.79,25968.02546,15432,15616,2984,5354
7/25/2013,97692.53,65581.04,53161.97,21622.49,3810.89,177210.42,74853.82,80201.21,57924.51,10568.15,642627.03,24625.52133,13978,14902,2666,5354
7/26/2013,90272.09,55032.14,51292.41,18816.34,3366.94,125145.21,68821.85,75598.49,53155.65,8927.51,550428.63,20886.13285,12780,14389,1948,5354
7/27/2013,89928.16,48097.93,54743.58,20451.5,3931.87,201811.64,64062.1,75284.33,50194.82,10889.32,619395.25,19827.67847,12443,16443,1679,5354
7/28/2013,128804.03,73797.39,69556.88,32641.1,5684.75,284129.38,92028.4,108399.22,76907.79,16974.31,888923.25,25724.86469,15936,18794,2165,5354
7/29/2013,135117.67,72601.73,71419.7,33599.05,4348.85,234923.38,96662.82,105273.22,85227.89,13832.92,853007.23,33249.01529,15701,19541,1069,5354
7/30/2013,170051.23,84828.05,82625.96,32085.62,7658.8,247312.27,96233.83,110901.71,88978.95,14572.38,935248.8,34399.53965,15686,24155,1764,5354
7/31/2013,239403.15,113499.5,114873.27,51665.54,11642.5,490018.54,136946.82,137601.46,118863.76,19703.73,1434218.27,32897.99178,20184,33592,3319,5354
8/1/2013,113107.01,62909.93,62058.53,20112.28,2348.73,175341.49,65150.44,82603.87,57845.77,11807.39,653285.44,29419.21377,13441,20817,3244,3557
8/2/2013,94641.46,53528.05,51438.07,17388.47,2874.16,118706.79,62667.8,71212.11,45050.37,9129.72,526637,25459.02428,11153,15809,2090,3557
8/3/2013,94595.6,49356.16,49178.95,18379.51,2720.3,167339.99,49216.86,76085.47,48629.93,10374.49,565877.26,24943.80314,10357,14413,1825,3557
8/4/2013,123596.09,63854.23,65790.89,22112.87,2495.23,206058.3,61390.39,99171.83,61660.66,11977.25,718107.74,29475.98534,12384,19549,1934,3557
8/5/2013,140178.98,72435.11,66994.12,30808.57,3227.95,283996.83,80646.94,95931.38,74029.85,13171.53,861421.26,35832.78999,15801,22165,2685,3557
8/6/2013,139598.42,67517.69,73099.21,32210.91,3658.39,320153.5,76818.29,91682.7,76324.49,12342.48,893406.08,34497.32861,15552,22149,3045,3557
8/7/2013,137081.18,73119.13,86974.48,26526.6,3881.96,267142.38,79111.53,92824.46,73649.99,12646.81,852958.52,30872.22743,17497,34603,2823,3557
8/8/2013,109098.89,55481.52,74897.77,21815.27,2992.77,188461.19,62658.69,73047.87,57808.81,10104.06,656366.84,26242.23167,17362,29732,2568,3557
8/9/2013,97482.65,52532.42,66805.16,20665.7,3493.61,136663.72,56708.94,70397.67,57911.27,9182.13,571843.27,22884.79616,17167,24251,2700,3557
8/10/2013,116445.5,63095.84,68904.66,28998.36,4145.73,298619.65,57692.03,87178.17,56276.22,14451.39,795807.55,18470.55136,17839,24636,2940,3557
8/11/2013,188691.06,96211.16,90098.82,51047.69,5049.97,667458.37,94200.51,133330.45,85229.26,22665.59,1433982.88,24527.28304,24935,30350,4824,3557
8/12/2013,130160.74,74552.3,78064.99,24138.44,4916.66,228749.05,82610.11,90697.42,66535.64,11094.83,791520.18,31049.09519,20356,24973,4935,3557
8/13/2013,122743.12,69408.76,78167.47,23908.56,5512.52,186522.15,79290.42,92994.59,70471.93,9666.66,738686.18,29115.68364,20364,24356,2760,3557
8/14/2013,123138.18,66524.76,75708,20721.55,5431.95,196789.77,75423.89,79424.7,63629.7,9617.34,716409.84,28401.80226,17120,21707,2254,3557
8/15/2013,103095.86,62032.93,61450.77,21171.9,3816.51,145223.32,64131.9,71889.28,60479.53,9157.88,602449.88,26753.36568,16671,19428,1864,3557
8/16/2013,95252.36,59905.28,60708.78,22514.19,4057.02,130491.24,57573.81,64662.68,52014.85,9860.37,557040.58,22959.59636,16401,19348,2181,3557
8/17/2013,97733.35,52064.07,64719.15,22159.61,3793.28,220354.74,56666.53,69246.15,46027.58,12631.19,645395.65,22050.09891,16029,19107,2287,3557
8/18/2013,145918.17,73567.24,87448.22,34099.53,4865.72,270610.9,86625.51,99874.99,74266.38,13809.8,891086.46,28667.78469,20158,25126,2933,3557
8/19/2013,141982.98,69334.75,83569.18,31157.73,5340.92,233233.77,78599.55,105316.26,79355.65,14170.2,842060.99,30832.94513,21371,25262,3003,3557
8/20/2013,139484.19,74282.57,85095.25,28691.71,4920.97,219324.57,78677.15,88301.23,67512.12,18042.34,804332.1,28170.15561,22130,25407,2590,3557
8/21/2013,156703.13,85079.81,85936.77,37691.4,5114.5,393283.95,86708.03,89767.59,90310.72,15457.36,1046053.26,28065.59513,22727,25086,3462,3557
8/22/2013,108256.76,67445.65,82319.23,27238.13,4990.02,294160.97,60627.85,67749.81,58090.9,14547.8,785427.12,27531.72875,21732,26113,4424,3557
8/23/2013,95319.71,53369.52,69899.04,18537.59,4216.14,160096.06,49814.49,57230.5,47560.24,7887.92,563931.21,25113.3844,18667,23280,2783,3557
8/24/2013,103007.56,54938.42,76808.41,24189.07,4834.25,328831.52,47453.6,68089.67,47922.7,12387.6,768462.8,23998.67323,19344,26915,3119,3557
8/25/2013,138429.68,77305.04,103481.44,35258.66,6656.89,368246.11,70143.65,87325.37,70452.97,15434.21,972734.02,30477.66855,23361,32822,4109,3557
8/26/2013,128523.98,64435.31,95259.17,29237.73,6733.15,308478.56,75590.99,76148.08,68535.38,11409.52,864351.87,35317.69804,21949,29018,3096,3557
8/27/2013,132850.1,60616.03,103039.61,30294.45,6987.68,298101.69,72735.02,74543.1,64637.75,13297.34,857102.77,31805.27893,24344,34371,2530,3557
8/28/2013,147320.35,70330.53,101526.73,37796.02,7240.14,559913.38,76841,72920.47,77668.86,17128.53,1168686.01,26387.79614,22422,28930,2766,3557
8/29/2013,109461.51,63732.14,109718.21,24337.78,8559.71,196010.12,62577.2,66073.64,55712,11278.73,707461.04,25563.10873,21566,29684,2633,3557
8/30/2013,111011.87,63900.15,138412.92,28392.73,13005.86,166637.35,60437.25,61496.27,57080.19,19616.46,719991.05,23722.73171,22865,37043,2815,3557
8/31/2013,119784.39,61702.49,125039.87,30456.16,26483.79,163749.57,60025.69,68298.76,52776.99,20286.77,728604.48,22767.25717,24261,39771,2542,3557
9/1/2013,118775.48,59888.5,73331.77,23622.44,2367.47,132150.06,58527.29,81263.19,55493.48,12294.84,617714.52,25449.68206,18147,21964,2447,6373
9/2/2013,189805.74,98193.73,213599.46,36889.46,2638.05,222529.19,98257.34,118802.31,85722.36,17315.87,1083753.51,33833.13739,23935,32653,2442,6373
9/3/2013,184161.95,84293.67,132007.71,43570.81,2051.75,486941.98,98482.61,105456.84,93765.74,27120.84,1257853.9,34948.11895,27916,36858,3055,6373
9/4/2013,210717.83,108462.36,129185.34,56694.34,3586.7,757077.94,112484.85,118415.05,116683.76,31667.26,1644975.43,35100.21143,28814,32437,4315,6373
9/5/2013,123817.75,72633.89,76305.08,32956.08,2478.07,303333.83,67678.03,72880.82,58958.47,20273.62,831315.64,30114.66914,22477,23818,5034,6373
9/6/2013,99271.05,56864.04,65265.79,26297.46,2797.73,217233.08,52222.37,63344.53,88845.26,15208.24,687349.55,26395.48071,20337,20945,3621,6373
9/7/2013,117356.08,53150.36,70161.15,27242.7,3118.26,188083.26,62320.68,74783.4,54352.02,13764.55,664332.46,26015.41601,20452,21338,2877,6373
9/8/2013,150291.62,80168.46,97164.09,34617.9,3851.37,266417.52,74610.92,104092.12,82065.69,21577,914856.69,32986.32264,24366,26322,3491,6373
9/9/2013,143901.94,79875.96,90047.48,36385.64,4728,400356.95,82683.53,86522.05,87823.81,22188.25,1034513.61,37541.27466,26874,25864,3716,6373
9/10/2013,158995.93,83828.07,96102.15,43102.19,3528.78,512848.15,86257.23,90611.91,98776.7,27106.59,1201157.7,41012.21394,30309,28898,4277,6373
9/11/2013,201357.05,95624.32,114250.73,61653.89,4633.26,749022.35,106586.29,97905.27,116706.17,34013.26,1581752.59,42429.40196,35839,34876,5940,6373
9/12/2013,165147.75,81642.05,95564.6,46061.68,6755.27,614148.24,92505.03,80640.96,94969.11,26242.72,1303677.41,37373.5823,33982,31458,6268,6373
9/13/2013,106857.09,57160.57,79521.12,24105.54,4994.82,225949.45,67820.66,62117.67,53959.18,14363.12,696849.22,33129.89582,21776,24701,3730,6373
9/14/2013,115179.22,52739.7,80154.51,26466.41,3792.38,389097.25,61463.56,67226.44,55585.19,13102.84,864807.5,31453.94746,20683,27702,2207,6373
9/15/2013,179038.06,82520.96,123444.62,41577.77,4479.52,495247.86,87291.92,99259.85,83367.2,22867.41,1219095.17,40031.11673,28586,43222,2967,6373
9/16/2013,137711.9,70617.51,100985.25,27332.11,6486.49,205416.6,78904.44,80339.67,71276.37,15029.43,794099.77,43397.68814,28107,37805,2735,6373
9/17/2013,127254.16,63574.88,89668.14,30420.94,4758.47,252797.17,73173.92,65612.87,60954.22,18017.99,786232.76,39529.2474,23524,29548,2301,6373
9/18/2013,125880.26,57067.23,69483.53,29633.95,4786.11,239575.36,69594.78,69604.7,57417.98,12344.65,735388.55,27961.23998,21568,20343,2061,6373
9/19/2013,132109.43,59615.28,86994.7,24954.28,6192.36,263283.13,67298.38,65984.99,66048.64,12318.88,784800.07,18884.88672,21516,25615,1873,6373
9/20/2013,98583.01,47086.43,89248.55,21026.45,3903.29,174325.79,61497.7,60890.92,57172.7,13592.38,627327.22,16797.90544,23088,29251,2079,6373
9/21/2013,100416.61,53888.18,78564.24,22785.5,4813.23,151249.96,52778.83,64886.97,43525.37,12059.36,584968.25,36492.49668,18058,22975,1989,6373
9/22/2013,139848.11,64043.63,109113.35,29104.78,6782.52,208949.27,75055.99,100397.48,72633.1,19169.91,825098.14,46863.29467,23924,35326,2075,6373
9/23/2013,135136.01,68166.65,103512.42,31561.93,8642.45,325708.35,73908.32,85948.94,79109.34,18585.69,930280.1,47003.43695,26479,34363,2744,6373
9/24/2013,162990.9,67057.43,92089.43,28608.76,5864.25,403153.45,98671.51,99668.62,68936.42,26349.38,1053390.15,43246.77789,23724,30406,1385,6373
9/25/2013,228410.32,87503.64,118558.87,39368.92,8948.02,449636.02,129414.51,112246.4,102611.5,38569.38,1315267.58,41780.07868,27746,40574,6,6373
9/26/2013,91530.27,59205.16,96510.18,18561.32,6023.49,182108.34,58700.38,53488.58,48263.62,12889.35,627280.69,28323.89278,30937,42684,1041,6373
9/27/2013,82763.27,51370.08,105102.23,19034.66,5657.8,155343.81,57109.15,50834.61,43910.13,13564.2,584689.94,21330.34459,30257,40277,1565,6373
9/28/2013,83114.42,51697.55,54117.87,21081.1,6090.51,289868.73,61251.19,67142.53,45766.15,18322.12,698452.17,19345.08386,22004,19862,2936,6373
9/29/2013,123212.81,73781.25,82627.6,25634.59,10168.55,345797.42,79935.26,93354.09,68037.3,24061.48,926610.35,24244.87869,23183,25944,3989,6373
9/30/2013,117690.46,72692.79,93508.32,22200.94,16874.59,256390.98,82676.13,80624.29,68739.75,19806.74,831204.99,19097.55432,42449,33022,2615,6373
10/1/2013,111636.51,59576.68,58802.72,17950.35,5162.58,198676.46,72413.01,68992.5,60675.99,18394.64,672281.44,20736.13487,24303,18168,1041,111119
10/2/2013,109716.12,60211.73,60492.09,20795.4,6455.82,218843.45,82017.47,65595.28,61705,18443.84,704276.2,25148.69672,27088,18271,1041,111119
10/3/2013,96903.91,63368.34,61537.4,21261.89,5780.24,227043.13,68013.96,57253.1,54591.08,13128.01,668881.06,28867.53756,23654,21174,715,111119
10/4/2013,86238.26,53516.81,61823.58,19127.23,3189.23,159730.72,62282.67,52242.73,47834.74,11064.55,557050.52,24947.01566,23167,23234,975,111119
10/5/2013,98345.66,58475.38,47581.96,21688.05,3664.31,149456.94,60934.18,69331.99,47283.64,13560.83,570322.94,23763.38903,22149,15733,1915,111119
10/6/2013,134408.66,83086.73,67841.69,32573.1,6166.67,211000.34,88642.82,98000.94,77180.35,21465.34,820366.64,29185.85778,26647,19067,3277,111119
10/7/2013,141149.29,72067.32,57580.88,28969.63,5446.89,291230.93,80949.51,88093.08,83852.04,17510.25,866849.82,34817.15248,37882,16557,2822,111119
10/8/2013,137177.17,69926.13,55228.93,30186.58,6172.98,290469.67,77656.68,74162.93,86720.89,16657.87,844359.83,32445.28625,29328,14431,2513,111119
10/9/2013,149257.29,81550.84,63669.89,33125.07,7717.68,365566.67,91456.93,75284.94,79805.88,16770.51,964205.7,30453.85776,30395,16182,2303,111119
10/10/2013,99230.46,62859.47,43526.87,19504.11,5584.2,168497.99,63337.52,61837.23,55620.14,16290.09,596288.08,26655.10204,26724,10723,2275,111119
10/11/2013,87346.73,55068.7,40509.73,18770.21,3939.96,115177.55,53219.12,55100.77,50199.2,12355.77,491687.74,22865.16177,25561,9299,2088,111119
10/12/2013,95225.13,46686.04,43127.67,19263.4,5879.27,205025.08,56931.4,62454.73,47786.5,12212.91,594592.13,22584.13193,24166,10189,1431,111119
10/13/2013,143865.39,65014.17,63258.71,32272.73,6984.09,272567.09,72445.95,92956.71,71734.34,20312.76,841411.94,30017.99808,27697,14431,2197,111119
10/14/2013,144655.17,72578.49,64922.86,29692.77,8250.14,270545.98,85095.86,92790.3,82395.21,22802.06,873728.84,36809.64768,28687,15967,2640,111119
10/15/2013,130693.82,60740.44,63087.45,26391.99,6680.41,246935.8,78168.98,75844.12,77429.55,20382.27,786354.83,33111.62271,30012,16201,2233,111119
10/16/2013,161158.44,72689.94,65587.76,40210.28,6964.51,572491.13,95758.39,79706.67,85858.62,57327.72,1237753.46,28995.38265,30384,15433,4398,111119
10/17/2013,114781.12,68816.02,52990.29,24706.33,7113.35,183528.53,71897.4,63631.41,52372.78,18817.96,658655.19,25422.45284,20617,11247,3198,111119
10/18/2013,105102.86,55981.51,44216,18941.35,6472.1,134666.36,58414.32,59279.16,53506.41,11829.08,548409.15,22444.33688,19302,9552,1820,111119
10/19/2013,110346.86,67928.34,53371.98,30596.83,7212.25,333892.76,60186.17,72492.48,53707.9,30068.11,819803.68,22602.59747,20627,14581,3155,111119
10/20/2013,188613.47,96355.22,74597.59,43225.28,9712.81,515166.96,91452.75,100865.39,78293.74,36165.01,1234448.22,30039.32956,25119,20050,4695,111119
10/21/2013,152867.27,71998.04,62009.3,26871.72,10968.94,232617.14,85941.72,88590.86,83088.78,20526.3,835480.07,39204.84918,26177,12867,2336,111119
10/22/2013,156736.04,77307.2,61135.57,33679.08,11912.88,244410.48,88237.25,82409.75,84137.1,19548.13,859513.48,36892.96681,27368,13120,1421,111119
10/23/2013,171934.66,76942.69,60508.92,35998.54,12823.71,308010.05,92400.43,77649.84,93638.41,25017.76,954925.01,35076.49065,26486,12745,2417,111119
10/24/2013,143234.01,76411.96,58105.6,27914.27,10903.72,304475.45,84586.75,74474.88,74223.78,25237.26,879567.68,30375.5108,25933,12324,2281,111119
10/25/2013,136379.02,66542.85,54451.91,24861,10528.71,220636.26,84478.52,78273.87,74098.74,20808.79,771059.67,25545.67147,21801,11528,2095,111119
10/26/2013,172004.28,79094.56,57247.37,30972.11,12574.69,230019.03,84342.61,99818.19,75512.6,28888.54,870473.98,24874.74728,20784,11968,1805,111119
10/27/2013,392129.1,158354.16,117063.01,59990.31,24737.75,815064.55,198850.42,207592.03,173200.53,70931.94,2217913.8,39776.00569,28744,21698,2606,111119
10/28/2013,481089.19,180331.7,133613.08,87813.54,25264.69,847627.31,257944.55,238321.65,226141.97,95847.14,2573994.82,46154.91245,35717,24667,4620,111119
10/29/2013,153135.26,65420.15,65239.52,34012.87,12814.74,257708.46,86895.39,81392.08,81782.99,22553.79,860955.25,45253.65256,25029,15723,4794,111119
10/30/2013,170641.39,91274.2,84496.44,37000.06,15103.77,368947.46,93788.8,82564.04,86908.35,25637.16,1056361.67,46253.15054,29395,23112,2870,111119
10/31/2013,182224.32,105989.64,112239.03,41283.75,20643.74,416313.33,94859.74,85489.55,87539.08,27559.87,1174142.05,35468.17166,40224,31381,3547,111119
11/1/2013,221976.02,126108.16,85440.94,53472.09,9413.48,774465.66,120939.67,110837.53,125448.65,29987.44,1658089.64,39455.07669,38761,22625,4130,131953
11/2/2013,264711.66,137747.66,93756.95,51352.82,13591.59,483778.08,130766.24,124111.65,110673.11,34981.38,1445471.14,44162.27641,29335,21408,4706,131953
11/3/2013,471961.96,235458.35,150612.74,91498.83,23490.29,891529.16,246847.51,212112.75,219553.93,58522.87,2601588.39,57066.97862,35715,30407,4454,131953
11/4/2013,218107.82,110904.02,87934.83,36049.67,11981.74,351472.88,114632.07,121045.97,109201.83,40633.47,1201964.3,60635.11527,28239,22035,4216,131953
11/5/2013,240844.82,124436.6,88316.32,40467.23,14824.69,439532.47,129818.9,125679.06,109563.95,42694.26,1356178.3,55037.71887,27791,21848,2873,131953
11/6/2013,245940.1,132808.26,88031.7,47076.67,16270.24,474970.38,146053.72,114837.83,119606.58,44496.8,1430092.28,54941.89679,28667,18299,2900,131953
11/7/2013,311184.83,150841.51,92091.36,53641.4,18404.32,776918.88,169259.36,135437.5,146191.61,65105.46,1919076.23,50224.46956,35368,19329,3681,131953
11/8/2013,193371.13,113792.73,76959.05,36405.22,18453.33,323260.74,108823.94,93166.53,81564.58,31769.04,1077566.29,43657.96485,24011,17418,3410,131953
11/9/2013,258480.27,148543.02,92659.95,47404.77,50051.01,340252.41,128714.23,128253.74,101032.57,43966.91,1339358.88,47589.56319,21895,20200,2690,131953
11/10/2013,460090.94,239801.66,158334.91,93534.79,110641.25,1066416,232764.56,229790.24,187592.72,116464.75,2895431.82,68654.49233,33333,33788,4453,131953
11/11/2013,389208.41,203024.33,131655.06,64281.54,76692.02,551426.26,214181.66,199360.72,178067.45,81310.1,2089207.55,77290.25718,32856,25463,5793,131953
11/12/2013,373849.99,187990.41,137195.67,68834.35,93154.66,472491.36,212725.01,158237.85,155394.32,76012.71,1935886.33,75336.18329,29224,26821,4209,131953
11/13/2013,487337.16,260807.48,193704.14,81373.72,140015.2,929017.8,245081.48,168931.1,194958.13,99926.81,2801153.02,70670.33548,33393,35670,4864,131953
11/14/2013,372323.56,216601.79,117923.29,61087.04,121917.67,514586.13,178016.42,130175.04,149972.28,71936.68,1934539.9,66927.33582,30353,26371,5326,131953
11/15/2013,345705.5,215267.24,113526.17,59723.31,134325.3,395865.17,184737.7,118933.73,141791.84,62592.87,1772468.83,53719.51459,39210,26502,4292,131953
11/16/2013,458058.63,261461.14,138226.45,81114.39,185873.4,889524.49,212315.55,193021.22,153869.04,87154.67,2660618.98,59957.35527,32839,34547,5827,131953
11/17/2013,815700.86,410084.07,214698.21,130906,275967.47,1911512.74,405627.57,284896.12,291570.05,182289.84,4923252.93,87143.98449,44191,47226,8713,131953
11/18/2013,522878.91,860856.12,149640.27,90075.14,177135.83,859350.74,262757.79,209455.18,179397.43,149692.98,3461240.39,74709.66771,35281,29115,5077,131953
11/19/2013,377708.28,715338.89,130852.82,71172.15,158223.61,593467.37,205414.37,160416.6,124445.84,84573.43,2621613.36,82580.67863,37287,26652,2680,131953
11/20/2013,520145.01,328590.65,156431.27,98804.67,154140.84,782538.11,285286.72,144330.75,189667.34,95321.34,2755256.7,84738.37281,34477,28450,5912,131953
11/21/2013,512385.45,343047.38,171610.32,89350.01,119684.19,657540.03,273143.2,165202.75,189351.95,89946.87,2611262.15,85081.89265,35300,36841,8511,131953
11/22/2013,500813.47,326500.66,151758.12,83165.67,111007.35,543302,254004.38,158647.42,175325.16,86368.38,2390892.61,90226.15876,33577,32074,6491,131953
11/23/2013,715188.32,459829.85,210123.49,105613.96,174998.55,682981.1,351968.6,257961.09,230392.33,128348.78,3317406.07,110004.1199,35212,37721,7208,131953
11/24/2013,1610809.35,1029157.6,401903.45,225259.02,348284.74,2094663.58,746500.43,514962.26,543255.71,313598.05,7828394.19,174097.9661,58610,63381,9935,131953
11/25/2013,1725016.17,1088891.36,403819.88,255343.32,272863.96,2549274.63,802911.13,497629.55,607394.18,332640.31,8535784.49,188048.7118,60548,61189,13084,131953
11/26/2013,498553.92,324397.8,191325.45,88057.11,117321.57,639246.45,238998.72,172037.9,172467.36,113993.66,2556399.94,164352.4772,48150,43930,13305,131953
11/27/2013,537595.82,365127.6,179253.63,92513.68,120335.47,665878,267800.39,184183.13,165297.37,111264.14,2689249.23,117010.0693,46343,39913,9019,131953
11/28/2013,489815.96,302348.66,117380.25,89509.19,112013.92,856276.63,210814.95,185064.8,134641.55,91107.46,2588973.37,93148.77596,36837,26577,8205,131953
11/29/2013,1139752.82,714572.28,257177.99,221862.66,245765.57,2253518.97,501393.94,393794.82,340639.37,218508.36,6286986.78,213211.841,62186,52489,13804,131953
11/30/2013,1255094.76,762613.72,302005.94,206165.36,323637.92,1361595.32,538751.18,407583.57,330823.65,224827.77,5713099.19,216503.4074,65757,58577,18166,131953
12/1/2013,2373204.18,1494097.4,503568.89,396949.8,571946.01,3538131.14,1029140.68,765923.99,709806.62,520658.85,11903427.56,317018.4565,85403,77418,20055,104174
12/2/2013,1834991.89,1127338.63,402166.77,361058.67,383059.24,2985001.76,793195.88,544578.9,525282.9,369504,9326178.64,367746.0298,110275,70985,28957,104174
12/3/2013,1585783.3,988034.4,339575.39,269468.96,334269.39,1705093.49,694755.85,414846.64,436015.55,299919.61,7067762.58,288825.7136,111958,62716,24100,104174
12/4/2013,2302618.54,1362639.65,452340.48,383054.15,399212.44,3097643.68,1005751.66,547692.41,657796.17,474130.8,10682879.98,234606.2138,132575,72811,20344,104174
12/5/2013,1632342.37,1019854.87,357984.34,267059.78,316701.59,2322893.95,669410.21,403717.97,445089.3,310772.03,7745826.41,221571.07,129758,61498,14195,104174
12/6/2013,1315952.02,804731.65,295704.72,184257.88,239380.83,1315615.35,539327.77,361118.4,334410.16,232769.62,5623268.4,214487.9848,125925,53726,8669,104174
12/7/2013,1698342,1047299.27,379767.23,229005.8,320435.49,1519489.24,676070.19,529636.68,426416.03,295119.42,7121581.35,249650.8563,140474,65113,16345,104174
12/8/2013,3060867.88,1836635.43,646820.35,436694.21,540918.26,4026610.59,1178315.72,880476.56,786821.57,567708.56,13961869.13,347539.4317,181132,100446,21908,104174
12/9/2013,2478566.97,1550261.76,556225.77,375145.84,368125.86,2747549.39,1048458.04,648887.63,673517.49,445976.71,10892715.46,330757.4577,114604,90220,27581,104174
12/10/2013,1891113.58,1291206.56,476950.27,328926.53,318947.89,2091364.38,831178.58,424563.45,496227.92,309468.14,8459947.3,288402.307,74416,85547,25097,104174
12/11/2013,1770997.09,1165239.38,418320.07,322451.93,274773.76,1950234.48,792722.17,390366.84,463125.27,285574.13,7833805.12,245613.6681,72485,77287,21015,104174
12/12/2013,1595014.64,1028462.01,401828.93,254513.52,235324.18,1468053.68,677765.84,419115.65,404983.81,252693.98,6737756.24,209848.235,72359,72886,21673,104174
12/13/2013,1459180.22,926965.9,368460.8,230374.78,224292.17,1486076.38,634303.92,397837.28,365153.73,217681.38,6310326.56,161863.1238,71291,70039,18818,104174
12/14/2013,2198316.24,1414127.36,559907.43,336023.68,412203.3,2663295.7,922359.51,658049.33,559526.15,341476.67,10065285.37,185035.2324,83630,97262,17660,104174
12/15/2013,2114243.96,1444687,703482.3,325392.95,6515.32,2116474.43,876425.96,705149.27,528614.56,326969.51,9147955.26,237580.2182,87262,111534,19422,104174
12/16/2013,1611409.34,1093553.95,481197.23,292782.12,4629.44,1718387.33,709648.67,480515.06,402102.57,229363.61,7023589.32,200459.7431,74188,88609,21483,104174
12/17/2013,1500607.34,1042763.99,447641.44,278396.03,4760.98,1772023.91,687185.43,452516.93,369886.48,207568.21,6763350.74,141801.8972,68881,80331,21786,104174
12/18/2013,1080750.52,724847.28,389409.38,190710.76,3122.82,1265794.82,518637.11,324152.95,259226.11,144645.69,4901297.44,107666.3076,70707,66462,16955,104174
12/19/2013,783593.25,524803.64,257985.8,150511.39,3307.91,914649.42,387058.89,252755.11,205454.03,111195.38,3591314.82,82556.98441,74527,49849,13161,104174
12/20/2013,460641.91,316232.87,157510.86,83079.28,1626.1,495989.34,230319.51,164604.76,119325.66,72105.59,2101435.88,61265.6905,55222,35830,8568,104174
12/21/2013,404694.16,243653.18,132981.8,61237.41,1678.1,334526.66,186930.65,160301.06,104078.51,64182.21,1694263.74,47331.44646,33823,30538,5726,104174
12/22/2013,425011.61,276467.88,159130.27,69545.09,1685.73,352828.38,193071.17,171233.34,118029.18,75949.04,1842951.69,51736.90091,33537,38367,4905,104174
12/23/2013,336471.82,186047.39,156372.31,54138.34,1233.93,311246.47,149865.46,134350.36,98784.61,55198.38,1483709.07,70498.87772,40915,41074,6002,104174
12/24/2013,203946.06,118771.81,93966.39,27980.86,637.91,159865.18,90954.92,94182.7,49437.97,32904.53,872648.33,50865.64523,29883,22382,3447,104174
12/25/2013,186817.89,109966.02,95391.11,24981.63,447.34,144628.53,81995.82,88505.19,50342.61,38342.81,821418.95,30248.74567,23894,24554,2073,104174
12/26/2013,368251.38,208927.76,141958.2,57687.01,1640.07,379051.56,159360.43,154174.57,104207.88,60844.85,1636103.71,36197.28052,31228,42881,4131,104174
12/27/2013,344940.08,207244.7,170021.29,59494.44,2422.33,435290.3,157046.66,146706.49,104926.32,59609.57,1687702.18,37856.43438,35120,59541,5013,104174
12/28/2013,349549.59,200426.8,113627.57,59337.28,2060.78,543265.02,155455.19,159492.49,107886.68,61102.62,1752204.02,37572.52628,26594,33648,4942,104174
12/29/2013,495711.47,280155.86,146421.59,84825.92,3591.28,670177.59,220838.25,194072.4,156274.97,77081.62,2329150.95,54410.69112,32543,40503,5566,104174
12/30/2013,332702.8,207250.38,107274.17,49545.89,5557.92,362955.91,137927.17,128336.79,111228.54,50863.48,1493643.05,58738.58414,24231,28413,6788,104174
12/31/2013,261346.6,178064.68,99147.7,45285.51,10400.31,283151.51,123130.23,106890.89,84531.61,42471.89,1234420.93,50299.56491,28800,28197,4302,104174
