Date,Revenue,SEM,SEMCard,SEMPBook,SEMOther,SEMBrand,Display,FB,Affiliate,Partners,TV,TVImpression,DM,SEM_LTA,Display_LTA,FB_LTA,Affiliates_LTA,Partners_LTA,SEM_MTA,Display_MTA,FB_MTA,Affiliates_MTA,Partners_MTA
4/1/2011,343333.49,35387.70586,26102.7255,4947.005861,2753.821784,1584.152718,16672.31394,0,2152.253104,8247,0,0,80579.69787,37162.08,1929.82,0,10957.26,38393.27,30548.28,1110.26,0,5689.42,44506.43
4/2/2011,348857.64,32134.37221,23862.09974,4736.320219,2082.3846,1453.56765,15949.11439,0,1457.948478,8749,0,0,80579.69787,42313.53,2328.64,0,11918.12,36827.57,34563.05,789.42,0,7862.22,41787.16
4/3/2011,485583.63,43765.26756,33393.07426,5752.355361,2707.152564,1912.685378,17852.87704,0,1842.963659,11015,0,0,80579.69787,62526.34,34192.06,0,18388.33,46754.45,52158.79,11719.66,0,10278.97,52663.29
4/4/2011,601371.15,58551.3052,45916.23998,6598.371978,3739.217881,2297.475364,20677.64636,0,2699.668052,10472,0,0,80579.69787,56604.98,40672.2,0,17072.2,44179.41,52785.75,14878.97,0,11838.2,56140.97
4/5/2011,582829.25,57104.74814,45150.50823,6549.808692,3633.947241,1770.48397,20165.8597,0,2540.917717,11350,0,0,80579.69787,56544.51,39320.27,0,19941.45,44574.63,50609.53,13810.9,0,12328.35,55757.74
4/6/2011,658550.12,51135.36594,40669.05097,5323.509656,3399.746738,1743.058579,21717.96526,0,2387.641532,12147,0,0,80579.69787,73855.02,44378.96,0,21582.47,45604.97,60367.86,15445.45,0,13255.55,57174.55
4/7/2011,398488.1,43039.25918,32672.48771,5268.315814,3396.802175,1701.653482,18466.18376,0,2077.439728,8446,0,0,80579.69787,44026.32,32118.39,0,13879.36,33688.98,39867.14,13344.19,0,8122.31,42025.96
4/8/2011,338288.85,29357.431,19126.86088,5338.685076,3155.549427,1736.335615,16700.5721,0,544.6778734,7697,0,0,80579.69787,36907.26,30202.29,0,11254.62,29408.03,31462.21,12758.03,0,7559.37,40266.64
4/9/2011,330019.16,28693.62035,19418.27299,5520.780406,2287.253401,1467.313548,16932.91697,0,361.2938657,7800,0,0,80579.69787,41455.8,28436.5,0,10362.4,33537.97,35022.15,10259.71,0,7143.21,41588.37
4/10/2011,462846.21,34653.34662,23743.4866,6456.95439,2746.130992,1706.774647,17838.22466,0,1050.124342,9427,0,0,80579.69787,59530.29,40920.24,0,15113.68,42994.79,55292.52,18647.66,0,8694.99,50927.52
4/11/2011,548322.31,38987.2613,26181.67138,7001.706069,3574.089561,2229.794283,18538.39905,0,2076.52737,9100,0,0,80579.69787,60004.72,47010.84,0,18895.04,40873.86,51147.46,19392.52,0,9431.04,53329.9
4/12/2011,579502.57,28580.94747,17858.8412,5134.835569,3547.311235,2039.959464,19577.67135,0,2753.497189,11629,0,0,80579.69787,54698.77,46700.9,0,20160.65,47388.23,53354.1,18784.3,0,12443.54,59744.63
4/13/2011,641910.19,21196.82905,11983.19128,4099.043336,3011.680984,2102.913455,20199.35085,0,3024.467588,14157,0,0,80579.69787,60992.16,45966.95,0,23608.9,57122.25,54485.99,20717.81,0,15295.64,68237.36
4/14/2011,427423.6,14175.08483,7882.789029,2737.822716,1880.192671,1674.280418,18900.52213,0,3818.219263,10488,0,0,80579.69787,43093.69,6408.07,0,16178.27,37947.35,35783.51,2963.7,0,9336.28,45668.25
4/15/2011,365369.01,12690.49368,7520.77076,2307.535395,1305.800308,1556.387214,19070.07108,0,3035.415887,10504,0,0,80579.69787,42682.88,31663.07,0,12390.35,36677.34,33006.08,12781.89,0,7525.69,45007.59
4/16/2011,400898.47,12892.12287,7147.736502,2966.216547,1348.536659,1429.633161,19146.47277,0,2493.475089,11342,0,0,80579.69787,40510.67,32767.6,0,14966.17,44917.6,38226.28,15301.88,0,9232.85,51033.76
4/17/2011,524873.13,15459.28893,9117.478854,2867.61709,1780.852077,1693.340913,20059.10666,0,2676.859096,12450,0,0,80579.69787,60617.08,49464.48,0,18379.4,48642.26,48742.65,21938.47,0,10625.33,59193.62
4/18/2011,505201.26,23738.63701,16461.64152,3512.152193,1777.732588,1987.110708,22545.82467,0,3173.181982,12426,0,0,80579.69787,59114.32,48483.68,0,19962.74,50452.51,47730.27,22854.05,0,10688.38,61487.36
4/19/2011,533574.66,27699.81437,19615.8011,4542.930776,1584.446138,1956.636354,22417.09305,0,2816.449908,12698,0,0,80579.69787,62081.4,51982.11,0,17144.64,48983.25,52319.47,23098.14,0,10839.93,63039.54
4/20/2011,477088.54,29383.59087,19957.23889,5905.016142,1757.594728,1763.741104,24275.85197,0,2705.142202,14125,0,0,80579.69787,51924.83,39113.33,0,17532.13,54603.08,43245.68,16768.74,0,10653.65,63423.15
4/21/2011,496312.76,24896.07021,16502.08225,5061.130641,1456.999,1875.85832,24151.30675,0,2511.722254,15561,0,0,80579.69787,49338.85,32096.35,0,17916.56,50563.27,41835.79,14747.58,0,11127.21,62942.54
4/22/2011,459378.16,16786.39032,10379.13222,3883.281876,907.8922647,1616.083964,22882.82938,0,951.5896514,13256,0,0,80579.69787,51328.73,28713.01,0,14421.75,46303.62,43625.53,13142.51,0,10086.95,59139.84
4/23/2011,402009.85,12966.48731,7244.050205,3416.75489,996.2682355,1309.41398,21396.65953,0,810.1741232,11405,0,0,80579.69787,45682.8,25673.39,0,13846.83,40788.06,37238.15,12166.45,0,8956.94,52453.96
4/24/2011,492605.17,13951.51306,7407.438865,4050.644444,981.4839854,1511.945769,21799.59995,0,1377.660953,11796,0,0,80579.69787,60359.54,30238.1,0,17075.64,48977,51132.56,13347.8,0,10554.47,59081.65
4/25/2011,789680.06,25469.3502,16771.68789,5161.490703,1158.956611,2377.214994,26463.24282,0,3227.923477,18600,0,0,80579.69787,82880.68,37603.29,0,26822.79,69101.25,70538.72,20248.72,0,16943.51,90692.91
4/26/2011,756487.26,32011.52056,24240.15896,4793.161255,751.7311535,2226.469194,24600.2975,0,2981.586751,18528,0,0,80579.69787,80396.92,30963.73,0,28126.21,76995.43,68389.32,17906.78,0,18378.94,96882.44
4/27/2011,1025246.66,28854.96212,19938.52233,5516.662193,1171.92887,2227.848731,21437.47687,0,1946.972499,18695,0,0,80579.69787,96445.52,34449.05,0,34265.19,85760.86,85889.79,18714.34,0,20262.66,123494.62
4/28/2011,1135933.99,26949.13371,18585.32163,5217.209391,992.6133497,2153.989337,21316.07144,0,6862.758733,19748,0,0,80579.69787,99913.9,28670.34,0,29216.06,87528.16,93902.16,21327.1,0,21927.45,134637.04
4/29/2011,538493.25,24805.2129,17428.61919,4546.698963,838.7481371,1991.14661,17998.35423,0,5766.10412,13631,0,0,80579.69787,45350.36,16844.97,0,20824.43,55933.11,43423.21,13371.26,0,12564.31,72089.47
4/30/2011,673604.91,21290.02387,13636.20511,4529.46444,931.7055763,2192.648745,20694.39194,0,2801.852176,15449,0,0,80579.69787,66395.4,51982.28,0,23768.82,71472.72,57830.37,31401.35,0,15377.76,86847.64
5/1/2011,1189196.48,28887.2483,18875.63208,5731.960328,1254.683517,3024.972373,22990.62903,0,4231.517549,23281,0,0,80579.69787,123695.17,82302.88,0,42912.4,109241.31,105172.94,38117.72,0,29775.15,137931.03
5/2/2011,830368,39254.87049,27429.79613,7022.255967,1399.540211,3403.278182,20501.81782,0,5056.289404,19341,0,0,80579.69787,97732.32,81876.89,0,33182.74,83299.3,83406.77,36565.55,0,17909.21,102098.21
5/3/2011,969224.98,43587.44468,32917.31197,5658.389171,1690.736145,3321.007394,21724.24485,0,3995.216763,20578,0,0,80579.69787,98264.75,86418.19,0,35566.31,91962.21,86231.72,42122.79,0,21585.75,114636.81
5/4/2011,584422.91,33788.44984,23875.43287,5758.841722,1500.486911,2653.688336,20294.59132,0,3604.727433,17331,0,0,80579.69787,72343.59,63394.78,0,19835.8,61313.27,58390.14,31803.49,0,13062.81,72498.3
5/5/2011,468457.13,28666.98796,20299.43865,4916.479809,1250.225638,2200.843867,23590.32996,0,2664.086081,15752,0,0,80579.69787,60033.49,53533.57,0,17089.1,54045.09,48901.62,23748.91,0,10636.49,64063.27
5/6/2011,416190.21,23282.4882,16399.05594,4043.406869,1020.544832,1819.480564,23769.2983,0,2575.587331,13599,0,0,80579.69787,51017.47,38215.17,0,16654.73,45036.84,43071.52,19040.15,0,11355.46,53513.25
5/7/2011,385665.2,20482.47095,13778.2823,4232.28668,865.8765919,1606.025386,24429.70195,0,2075.615012,13511,0,0,80579.69787,45964.96,38337.9,0,14531.78,45128.62,40244.72,17857.63,0,7711.93,54571.91
5/8/2011,778617.45,22455.12712,14982.35349,4429.12515,958.7207846,2084.927698,26402.5401,0,2285.457408,15018,0,0,80579.69787,71383.91,57734.8,0,26049.58,63286.77,64046.15,32453.11,0,17397.11,87354.75
5/9/2011,1104093.93,35898.25195,25691.10475,6094.122879,1302.732242,2810.292084,29370.69342,0,4428.58693,18895,0,0,80579.69787,104679.43,75985.41,0,39366.26,81925.87,88978.27,45233.68,0,25285.42,119297.57
5/10/2011,626243.75,35860.96185,26224.19152,5809.526436,1384.49861,2442.745277,28093.84326,0,4206.883876,16765,0,0,80579.69787,73048.68,54672.19,0,22085.49,61246.98,61893.42,31769.31,0,12549.6,81231.33
5/11/2011,663347.94,35215.74646,25942.6216,5606.047025,1281.873731,2385.204101,28927.98226,0,3617.500449,17180,0,0,80579.69787,73833.61,53113.03,0,23376.79,62085.14,60681.65,32021.22,0,13052.13,87250.45
5/12/2011,488460.39,31961.71059,23953.58496,4644.937953,1255.383596,2107.804082,28228.85447,0,3557.284804,13607,0,0,80579.69787,56272.02,47878.93,0,19278.81,52543.18,49306.99,25996.45,0,10989,69236.15
5/13/2011,416429.92,23144.47799,16008.76646,4215.731723,1003.217668,1916.76214,27578.91681,0,2927.757614,14133,0,0,80579.69787,47537.54,41558.09,0,16913.55,53073.05,41200.43,22437.61,0,9923.58,69045.2
5/14/2011,431325.52,21369.45291,14612.00589,4231.020478,833.6827729,1692.743777,27292.14882,0,2180.53621,17826,0,0,80579.69787,50701.11,41832.49,0,19701.63,64684.55,44612.29,21868.78,0,8670.79,87444.79
5/15/2011,715558.26,30326.08644,20787.00952,6071.009647,1222.98389,2245.08338,30144.1297,0,3044.53947,31528,0,0,80579.69787,53997.27,98962.12,0,12953.57,103455.28,49432.33,53267,0,9019.27,145871.15
5/16/2011,757062.58,33516.08432,23283.50724,6052.786747,1425.361173,2754.429161,32106.50187,0,4441.359946,26472,0,0,80579.69787,95400.67,72683.32,0,28353.9,99939.03,71354.05,44103.34,0,14991.51,128323.34
5/17/2011,813086.68,33224.14712,23273.46943,5978.525635,1310.031757,2662.120297,31226.31254,0,4984.213102,48812,0,0,80579.69787,77338.75,82384.62,0,31129.68,174729.86,67914.64,45662.95,0,15165.49,223147.21
5/18/2011,997546.41,31398.50017,22523.39625,5396.844182,735.649709,2742.610027,32263.49165,0,4887.503128,65027,0,0,80579.69787,106111.86,90962.41,0,38601.22,245945.7,77094.16,49847.17,0,19744.43,318767.34
5/19/2011,513634.21,35839.3812,27905.8049,4936.514655,624.6237775,2372.437868,25858.30889,0,5205.003798,13998,0,0,80579.69787,54178.6,49450.8,0,20357.33,47526.21,49018.91,32002.15,0,12172.92,65280.96
5/20/2011,395853.94,28651.80194,21414.29951,4520.147105,569.6049837,2147.75034,24946.7216,0,2400.414547,10688,0,0,80579.69787,44189.66,44099.85,0,13646.14,34553.83,39356.73,27519.1,0,8375.88,42456.7
5/21/2011,347703.28,22674.70778,16752.46729,3655.804383,501.994888,1764.441218,23752.55273,0,1901.354586,9675,0,0,80579.69787,39800.08,33648.49,0,11649.33,32001.14,34565.23,20412.36,0,8192.04,40451.92
5/22/2011,612457.38,30543.0519,22842.44033,4731.193192,782.5350938,2186.883282,26227.75816,0,2522.670552,12713,0,0,80579.69787,65138.06,59303.78,0,20626.02,46865.14,56706.93,38909.98,0,12494.06,59284.06
5/23/2011,700784.72,36562.15234,27813.847,4974.185701,761.5118203,3012.607818,29925.39062,0,3562.758954,17515,0,0,80579.69787,70989.07,65858.06,0,23716.08,57564.88,69788.35,42518.46,0,15217.51,70843.77
5/24/2011,782849.96,28944.42936,21271.2243,4236.569702,632.6232995,2804.012052,29959.92837,0,4944.06934,20227,0,0,80579.69787,84117.75,61658.59,0,30079.22,63981.47,63384.13,38889.96,0,16115.64,81185.57
5/25/2011,937808.66,24704.86355,17385.09049,4048.575161,602.7253769,2668.472529,27231.44611,0,5146.61287,13080,0,0,80579.69787,88619.56,61549.52,0,36685.37,54149.25,72466.43,41373.45,0,20417.07,73306.36
5/26/2011,533492.28,23397.16872,17110.41855,3754.218413,384.0710255,2148.460728,27567.40422,0,5330.909236,11780,0,0,80579.69787,52149.14,53261.5,0,20064.95,41977.75,46539.96,35554.71,0,12531.03,49999.37
5/27/2011,425963.59,17810.95072,12644.78596,3024.869574,265.8280189,1875.467167,25949.36296,0,3332.844676,10799,0,0,80579.69787,49346.29,40997.49,0,20298.49,36313.85,39664.7,23760.85,0,12538.64,45841.8
5/28/2011,386124.06,15129.16602,10595.63487,2967.163733,220.8163905,1345.551026,25962.96874,0,2362.095501,11039,0,0,80579.69787,41198.32,37284.85,0,13502.6,37444.26,33818.45,23356.88,0,9057.52,48258.28
5/29/2011,413583.64,16656.12253,11534.79447,3426.082459,203.5097756,1491.735818,27444.9522,0,2095.686893,12642,0,0,80579.69787,42476.74,39200,0,14344.81,39328.45,36757.74,24486.88,0,9225.75,53342.01
5/30/2011,789512.95,20195.31085,14311.89439,3464.134382,273.8790383,2145.403046,30707.19969,0,3407.658052,23114,0,0,80579.69787,70523.47,65842.22,0,29711.37,70134.16,62226.21,40840.79,0,20359.03,102274.27
5/31/2011,667406.71,27723.14271,20258.22466,4331.339065,672.5284044,2461.050583,36105.5547,0,4411.252123,26839,0,0,80579.69787,68028.24,67578.83,0,24819.69,75207.08,57493.89,38421.41,0,13527.5,109367.24
6/1/2011,649016.22,27478.88495,19034.88182,4752.236798,1039.200163,2652.56617,35148.96368,0,3876.610191,15888,0,0,261627.6143,64641.79,69244.44,0,22252.87,49716.9,58873.72,41173.59,0,14628.14,58327.85
6/2/2011,585814.27,22571.86658,14367.93235,4541.880613,1049.732404,2612.32121,33427.30917,0,3517.141042,13663,0,0,261627.6143,63317.36,61727.64,0,21025.12,48156.05,57085.69,37441.06,0,12990.77,56021.09
6/3/2011,519382.54,20086.92026,12020.56379,4020.447895,1607.312293,2438.596284,32632.94091,0,3149.460668,12051,0,0,261627.6143,59242.57,55845.61,0,17623.02,43409.39,46796.63,31813.46,0,11812.79,47440.44
6/4/2011,444962.68,17986.70378,11017.90187,3928.293617,1218.958397,1821.549893,30077.1474,0,2448.769534,11613,0,0,261627.6143,51549.74,45674.04,0,15430,38616.95,42028.44,27631.92,0,9315.19,48240.93
6/5/2011,627232.84,22493.45572,14122.22058,4714.68941,1687.349001,1969.196728,32002.88862,0,2706.966918,13694,0,0,261627.6143,73852.3,70525.96,0,24972.43,50545.57,59710.46,39094.9,0,15806.39,58214.3
6/6/2011,785639.93,28078.45986,17382.18709,5612.502406,2671.89073,2411.879629,33684.7724,0,3688.664392,14133,0,0,261627.6143,81522.17,90462.91,0,25061.31,55091.9,68802.26,48269.26,0,16830.85,70738.9
6/7/2011,795322.15,28202.30366,18536.54173,5052.976644,1621.571497,2991.213789,32636.08071,0,4148.492948,17284,0,0,261627.6143,92276.68,79839.21,0,30672.1,66250.65,73243.4,44571.91,0,19339.22,79715.52
6/8/2011,1051879.42,27121.64907,17805.26236,4837.606569,1482.871456,2995.908691,32592.12357,0,5182.194842,20259,0,0,261627.6143,106202.59,94771.96,0,35079.63,80827.04,86829.5,53180.31,0,21380.64,105169.28
6/9/2011,1338310.52,27136.09875,17640.10845,4585.986347,2204.581102,2705.422843,35413.7531,0,7058.915756,23872,0,0,261627.6143,119500.86,117003.61,0,52142.72,90215.64,98940.35,63274.77,0,32733.54,127955.39
6/10/2011,566190.77,20690.68539,11682.86324,3898.313365,2630.894259,2478.614522,30729.17826,0,6652.916336,16079,0,0,261627.6143,60807.96,67324.17,0,21349,51097.33,50171.12,40856.15,0,12718.48,63587.07
6/11/2011,548862.52,19084.55697,10829.60889,4028.07685,2206.815177,2020.056054,29768.40085,0,2394.940398,17643,0,0,261627.6143,56908.09,64482.86,0,20458.92,58962.79,47732.81,36876.9,0,12609.95,67655.18
6/12/2011,884901.06,24844.63435,14418.15327,4936.411979,2956.229906,2533.839195,30802.44016,0,3653.994779,23146,0,0,261627.6143,96022.68,100356.64,0,34665.25,78734.69,81946.03,64712.78,0,18112.96,90054.6
6/13/2011,919110.32,31576.40477,18767.98316,5709.361888,4138.485019,2960.574703,32067.77773,0,4148.492948,17116,0,0,261627.6143,95124.63,103766.83,0,35941.59,74057.3,82174.4,70569.57,0,22136.34,86418.5
6/14/2011,1067466.31,31639.53048,18596.6819,5825.453351,3936.890312,3280.504923,30214.2518,0,5110.11854,18647,0,0,261627.6143,110288.17,121493.23,0,40642.73,76576.96,93650.39,67093.25,0,24343.32,95443.78
6/15/2011,582202.91,28410.64194,16853.18738,5900.197733,3379.567793,2277.689037,35862.74385,0,3615.675732,16023,0,0,261627.6143,70421.5,71291.93,0,19542.09,53277.51,57496.45,40152.3,0,12617.7,63799.23
6/16/2011,571873.47,25695.67521,15756.59019,5551.821283,2383.392058,2003.871684,34612.05866,0,3516.228683,14715,0,0,261627.6143,55301.96,57900.98,0,23397.61,47458.94,50060.56,36509.14,0,14500.78,60627.18
6/17/2011,457930.45,20925.58615,12576.15682,4666.444933,1869.650188,1813.334207,25989.1337,0,2941.442988,13655,0,0,261627.6143,43939.85,51672.42,0,19393.93,44535.69,38510.31,30976.96,0,11996.69,56392.17
6/18/2011,388486.91,18082.17338,11433.60053,3644.911836,1469.538846,1534.122166,24160.72614,0,2306.441648,13886,0,0,261627.6143,41744.69,41606.16,0,15645.22,44365.42,37123.76,28033.02,0,10193.97,53715.67
6/19/2011,483149.56,21718.00465,13415.01791,4949.898882,1431.867903,1921.219953,24940.44201,0,2114.846416,16518,0,0,261627.6143,51695.16,50898.29,0,18003.98,54877.09,42274.59,30671.33,0,10792.05,71696.48
6/20/2011,752088.25,31463.10331,21666.5175,5465.555646,1953.90795,2377.122213,29751.65527,0,3776.250784,22356,0,0,261627.6143,72219.57,67998.7,0,24161.8,76506.09,64544.41,44943.1,0,13967.11,114255.54
6/21/2011,799850.54,34072.17126,25489.60188,4737.380503,1638.147157,2207.04172,27105.85429,0,3824.605771,19844,0,0,261627.6143,82178.4,66873.23,0,28547.99,70466.01,68555.21,41458.84,0,19499.18,118676.1
6/22/2011,1036900.55,32286.81025,24137.10184,4703.436576,972.0636561,2474.208173,26973.98288,0,5520.679752,23321,0,0,261627.6143,99472.23,68846.64,0,39308.9,90636.4,77153.02,47680.95,0,21450.85,165987.12
6/23/2011,499769.69,35735.54246,28013.71192,4833.344539,574.5365038,2313.949498,26832.69208,0,5074.536569,16837,0,0,261627.6143,37746.12,51263.69,0,11730.46,50234.97,42573.53,36367.54,0,9339.78,54855.4
6/24/2011,429562.79,24313.82225,18053.79898,4126.56299,493.2231866,1640.237097,25967.15513,0,2376.693233,17363,0,0,261627.6143,47803.02,49438.53,0,13213.34,51708.47,39912.78,32087.86,0,9346.21,58043
6/25/2011,436669.58,18343.49394,12480.67455,4062.004437,498.1032187,1302.711739,24035.13432,0,1916.864677,20418,0,0,261627.6143,45929.81,42536.65,0,13683.43,60510.99,34665.42,28377.55,0,9656.07,66734.86
6/26/2011,649431.33,23683.64936,16522.26127,4874.731732,646.6354018,1640.02095,24501.91725,0,2311.003439,33626,0,0,261627.6143,66020.91,58327.37,0,23946.5,91220.51,55079.54,39416.98,0,14774.4,97704.53
6/27/2011,801170.89,26836.71791,18617.40203,5288.186283,432.1404101,2498.989188,26378.46834,0,3503.455668,52034,0,0,261627.6143,74169.1,70717.59,0,28385.97,127491.02,61973.5,50252.51,0,17956.6,127871.42
6/28/2011,734911.54,12958.05539,7952.458272,3043.452767,103.7676499,1858.376699,26590.92783,0,3661.293645,73354,0,0,261627.6143,67182.9,10199.89,0,24835.43,187190.75,54229.29,14794.65,0,15163.01,162086.54
6/29/2011,650679.64,9643.72972,4829.781975,2882.854478,-2.26E-07,1931.093268,23992.22378,0,3913.104521,29949,0,0,261627.6143,73007.03,10355.06,0,26642.41,99191.82,56871.54,15527.36,0,15428.55,94956.1
6/30/2011,567614.75,10494.55456,4854.449901,3843.35636,9.27E-08,1796.748299,27876.15078,0,3267.154882,35181,0,0,261627.6143,56575.19,57065.61,0,21410.33,115776.19,43930.09,29917.51,0,12136.66,151312.29
7/1/2011,358673.95,12166.84952,7827.648151,2971.414198,257.7956844,1109.991484,11813.17678,0,2882.751649,11348,0,0,161384.1833,42160.3,41496.82,0,14502.84,33522.13,36141.89,25962.83,0,8666.18,35812.24
7/2/2011,280478.19,12353.12148,7527.12308,3643.60904,394.3020695,788.0872885,11032.11689,0,1784.433085,8395,0,0,161384.1833,34074.5,32171.18,0,13595.57,27408.1,28653.45,21741.87,0,7801.67,28372.24
7/3/2011,356348.63,14525.33652,8949.238717,4180.560084,309.9173994,1085.620325,11647.89809,0,1645.247305,9167,0,0,161384.1833,39962,36102.77,0,12507.62,29647.27,32371.65,22992.47,0,8658.62,29474.15
7/4/2011,488464.21,17676.85075,8037.148528,8176.845615,371.0540372,1091.802572,12799.18227,0,2187.714963,10648,0,0,161384.1833,61362.13,43776.96,0,18100.1,40224.83,49770.55,30771.97,0,13072.42,42297.13
7/5/2011,733079.76,31305.45385,22833.32137,6053.234252,786.3876749,1632.510552,17936.98861,0,2857.769586,15010,0,0,161384.1833,79375.78,65620.8,0,26139.52,50023.27,65270.63,47306.06,0,21561.34,51161.76
7/6/2011,614057.78,39131.67097,30879.9925,5879.514824,704.5872459,1667.576395,16295.53504,0,3552.806273,14918,0,0,161384.1833,71593.7,65772.59,0,20354.06,47699.58,63095.4,39602.44,0,13485.65,48291.99
7/7/2011,487986.31,35858.25039,27858.42352,5654.051995,659.9796377,1685.795229,13898.52171,0,2723.044888,11986,0,0,161384.1833,66677.14,52494.22,0,16675.37,37240.17,54558.63,35357.67,0,9712.85,40215.01
7/8/2011,429735.41,24292.40093,16499.77912,5602.894085,724.4558941,1465.271837,16372.97991,0,2368.834921,10700,0,0,161384.1833,55278.43,51072.91,0,17228.98,36850.12,45321.22,32221.08,0,9773.47,40284.3
7/9/2011,374841.66,19722.52814,12818.1718,5157.822083,550.4485211,1196.085733,11590.28666,0,1959.307528,10535,0,0,161384.1833,50268.39,42599.82,0,12971.16,33331.4,42777.95,25316.58,0,8655.64,36080.62
7/10/2011,493942.65,24489.35808,16169.4067,6071.889862,746.9087634,1501.152755,12868.12709,0,2060.127997,13601,0,0,161384.1833,69556.66,56849.92,0,15983.61,47215.33,55600.51,35780.93,0,9857.83,53209.71
7/11/2011,601990.77,32747.53656,23239.09303,6862.26326,916.5428519,1729.637418,15344.47419,0,2710.553857,15844,0,0,161384.1833,78910.64,66252.28,0,23389.49,51974.7,63108.49,40561.48,0,13899.97,67411.95
7/12/2011,657903.61,30527.10665,22369.14582,5667.082101,845.2184117,1645.660321,15780.80995,0,3544.776324,13477,0,0,161384.1833,79676.06,66867.33,0,25513.72,47503.98,61315.44,41866.47,0,15900.47,48744.06
7/13/2011,795577.43,28802.01161,21208.24512,5050.617012,921.4131332,1621.736351,15565.47542,0,3806.195771,12788,0,0,161384.1833,98469.03,70416.17,0,33215.85,55730.87,72164.63,40986.5,0,18743.98,52148.76
7/14/2011,434698.32,24029.7151,17152.48314,4563.074054,899.9839708,1414.173939,14515.24736,0,3994.453461,11163,0,0,161384.1833,57379.02,53316.07,0,17651.55,35115.62,45923.06,30326,0,9554.97,36802.62
7/15/2011,408696.94,22615.95862,16125.04754,4309.979612,763.0203769,1417.911096,13823.91018,0,2108.30769,10586,0,0,161384.1833,60173.84,52317.45,0,15422.55,35762.35,49341.03,28379.44,0,9380.23,36101.02
7/16/2011,403202.43,20356.12882,14484.84365,4146.180035,699.2100579,1025.895075,12513.95846,0,2152.918517,10401,0,0,161384.1833,57475.8,50656.59,0,17149.26,36328.87,45616.33,31768.45,0,10375,38667.54
7/17/2011,632961.35,27036.8705,19896.81352,5103.116183,900.8188625,1136.121934,14464.24708,0,2547.278229,11667,0,0,161384.1833,96202.16,10584.06,0,23441.85,48867.07,76244.87,17750.82,0,14547.21,48060.78
7/18/2011,603494.5,35134.82821,26668.03333,5653.50506,1130.367055,1682.922772,16705.4262,0,3527.82421,13231,0,0,161384.1833,72106.3,67174.06,0,22949.44,43093.64,64077.69,44125.79,0,14862.68,46459.65
7/19/2011,583107.59,34690.2034,26493.28031,5510.84646,1045.386062,1640.690563,16721.48185,0,3141.494447,13128,0,0,161384.1833,75493.49,60570.46,0,22944.04,41512,62419.66,39823.41,0,14470.49,45626.46
7/20/2011,821047.47,31367.89263,23154.06279,5622.564122,997.7171319,1593.54858,15812.92124,0,3523.363127,12716,0,0,161384.1833,86663.13,67147.6,0,28836.57,44894.96,67760.63,45235.04,0,17630.19,56323.36
7/21/2011,528314.49,25998.96935,18706.16493,4829.477457,916.6919229,1546.635045,15813.86569,0,3522.47091,13982,0,0,161384.1833,66861.83,56564.53,0,18960.58,41145.06,57798.73,36214.55,0,13525.57,42579.01
7/22/2011,472826.5,23136.92716,16164.99332,4662.914613,727.3979227,1581.621311,14995.97226,0,2504.451835,12747,0,0,161384.1833,62942.24,51314.86,0,17673.6,40110.33,51840.31,30572.74,0,10983.37,41720.18
7/23/2011,411405.72,20321.50053,13837.7655,4490.974432,638.6399703,1354.120629,12975.79436,0,2073.511245,11338,0,0,161384.1833,55100.6,45526.99,0,19664.13,36632.69,46828.44,30971.88,0,12484.72,35463.19
7/24/2011,558048.5,25532.51816,18296.706,5135.627601,815.0526384,1285.131927,14932.69413,0,2544.60158,13724,0,0,161384.1833,77236.08,58958.95,0,21708.47,45170.75,61700.04,37473.26,0,14990.82,45795.74
7/25/2011,737152.14,33763.61284,25056.6245,5904.323663,1122.455389,1680.209286,18734.10415,0,3346.704251,19043,0,0,161384.1833,84122.09,71317.16,0,28859.86,56832.84,67884.48,44088.63,0,17019.48,58508.74
7/26/2011,807358.99,30718.43892,22457.12896,5457.750741,1050.465012,1753.094209,19993.05559,0,3372.578531,29208,0,0,161384.1833,90480.8,72068.04,0,34764.13,70199.31,72452.62,43358.17,0,19819.92,76833.51
7/27/2011,1020618.66,27276.06,19404.12258,5130.111225,933.5291201,1808.297073,22015.12239,0,4955.370678,36492,0,0,161384.1833,114999.16,85305.54,0,46293.38,94368.64,87842.55,52302.19,0,26342.6,97762.19
7/28/2011,656327.18,25500.03638,18139.09829,5022.756948,762.3544378,1575.826711,20938.44974,0,4867.04124,28447,0,0,161384.1833,69300.95,60222.13,0,24158.14,69328.05,61939.42,35937.17,0,16259.08,76704.08
7/29/2011,552360.28,23086.16718,16520.90992,4540.800249,714.0792553,1310.37775,20272.6127,0,3805.303554,29280,0,0,161384.1833,58450.64,57143.65,0,23902.24,66351.98,50731.06,35019.73,0,12853.12,77285.8
7/30/2011,511493.4,20601.81871,14399.89268,4395.169512,585.1764609,1221.580054,22060.45597,0,2768.547932,36235,0,0,161384.1833,58068.28,48043.61,0,17738.81,74367.82,45922.15,28192.65,0,12217.38,85605.09
7/31/2011,803114.66,28214.30085,19817.52829,5778.859682,861.4095334,1756.503351,31398.23011,0,3523.363127,82079,0,0,161384.1833,93325.64,71025.7,0,31596.21,160714.69,73019.65,42809.52,0,17439.27,187901.81
8/1/2011,905196.05,35561.51225,27017.90653,5726.419748,1010.021966,1807.164008,25238.5292,0,4692.166798,50648,0,0,161384.1833,92123.26,74944.28,0,34448.8,107347.53,78843.82,47526.73,0,19188.65,120000.46
8/2/2011,810225.67,37690.55083,29106.77053,5590.499663,1392.774619,1600.506016,20224.44577,0,4938.418563,12428,0,0,161384.1833,87794.95,68532.77,0,33270.8,47875.68,81346.1,45521.94,0,19359.2,47581.31
8/3/2011,1140315.23,35739.00907,27531.39159,5349.133705,1352.351443,1506.132326,18548.99201,0,5537.095864,12346,0,0,161384.1833,117299.56,75527.7,0,54010.12,56764.34,94434.26,53913.68,0,28215.99,58707.1
8/4/2011,500784.52,33613.92627,26103.53071,4717.540967,1404.294261,1388.560337,15922.47741,0,5662.00618,10731,0,0,161384.1833,58066.76,51606.52,0,22461.84,36235.13,51914.69,31858.14,0,13394.19,36286.5
8/5/2011,416079.33,33563.53439,27008.36545,4083.880579,1185.063021,1286.225348,14981.80551,0,2698.955041,9455,0,0,161384.1833,54050.78,45293.58,0,17882.47,30724.74,45709.28,29758.25,0,11025.4,32037.04
8/6/2011,391878.3,29835.80824,23403.52889,4132.801815,1152.859711,1146.61782,14065.68931,0,2172.547281,9290,0,0,161384.1833,54104.11,46414.97,0,19033.78,33298.67,46711.48,28070.87,0,11743.18,32308.78
8/7/2011,527457.88,46431.56127,37872.17163,5454.848508,1605.873206,1498.667931,16225.64576,0,2739.104786,11636,0,0,161384.1833,71371.96,60327.04,0,24314.65,38423.69,69686.1,39826.16,0,14863.18,37685.97
8/8/2011,617761.88,50462.14735,41880.46406,5347.503813,1796.280485,1437.898989,17188.98445,0,3427.895957,12284,0,0,161384.1833,74437.23,62558.81,0,26020.72,43935.79,70695.78,38378.91,0,19279.44,46368.67
8/9/2011,669558.57,47786.75429,39089.02977,5693.878425,1480.757268,1523.088834,20058.22262,0,4112.226045,17685,0,0,161384.1833,80318.73,65054.96,0,31845.77,48338.29,75426.28,42286.69,0,18091.56,47310.76
8/10/2011,687052.56,44805.95921,37071.43261,5046.889494,1309.860924,1377.776188,21297.34062,0,4203.232132,17449,0,0,161384.1833,78572.56,66720.82,0,32854.9,49508.33,66466.64,38945.7,0,19730.69,48401.15
8/11/2011,504801.68,36277.69951,28964.93727,4764.245533,1199.206666,1349.310041,16417.36905,0,4076.537383,10051,0,0,161384.1833,56122.01,50483.47,0,21291.3,31149.05,54135.96,28293.57,0,14477.04,32764.97
8/12/2011,408331.33,29326.399,22497.59119,4675.815775,1005.956787,1147.035254,13738.90971,0,3204.841821,9331,0,0,161384.1833,46938.22,43991.73,0,16942.61,30684.1,44107.61,26287.16,0,11401.78,31113.8
8/13/2011,395941.41,26738.53321,19590.8327,5137.128661,930.9648058,1079.607044,12533.7919,0,2357.236106,9568,0,0,161384.1833,48882.9,43198.54,0,16999.45,30186.18,43102.94,24988.11,0,12120.86,31100.76
8/14/2011,571733.37,34656.25016,26519.71855,5605.796348,1266.664689,1264.070573,14315.02403,0,3270.865845,11482,0,0,161384.1833,72497.95,67122.54,0,29171.91,41206.36,66968.28,39342.63,0,18272.93,44434.67
8/15/2011,711063.11,41431.21861,32176.79338,6391.29979,1355.859995,1507.265451,16860.31595,0,4160.405738,13807,0,0,161384.1833,80468.64,67541.99,0,32088.47,47225.59,74717.4,42737.48,0,21073.96,48485.41
8/16/2011,685858.49,39534.58989,30944.89542,5782.855267,1314.065267,1492.77393,16774.37103,0,4281.747188,12809,0,0,161384.1833,77625.61,64479.07,0,30771.05,46450.03,69772.56,38334.12,0,19325.25,49050.18
8/17/2011,808428.6,36755.87853,27306.95116,6584.668882,1287.22913,1577.029357,16975.53882,0,4748.37644,13971,0,0,161384.1833,88243.43,71375,0,38487.29,51205.44,74158.72,44172.79,0,22585.9,56527.4
8/18/2011,520564.16,34895.9072,25606.0189,6582.879501,1185.331396,1521.677409,14928.91633,0,4694.843447,13817,0,0,161384.1833,57063.69,51385.4,0,21135.35,36593.02,54785.33,33073.57,0,13657.86,40184.61
8/19/2011,443254.22,30898.17056,22625.69909,5728.964213,1276.405212,1267.102047,13659.57594,0,2628.469935,11626,0,0,161384.1833,53312.44,45427.81,0,17896.87,34000.18,47627.19,28686.81,0,12176.11,38146.73
8/20/2011,424824.17,27838.71486,19522.87784,6052.419285,1033.916053,1229.501679,12724.57074,0,2259.984502,10206,0,0,161384.1833,51899.31,37126.41,0,15763.33,30741.2,45625.82,26147.55,0,9814.12,34183.2
8/21/2011,700007.47,36710.86446,26760.6884,7133.099434,1208.032756,1609.043873,15148.02866,0,2817.619842,12037,0,0,161384.1833,71675.03,57687.6,0,25729.74,41163.73,70995.99,40353.14,0,17897.06,45577.13
8/22/2011,763026.41,48415.79377,37697.10085,7302.17698,1532.213019,1884.302922,17467.59711,0,3662.548907,15021,0,0,161384.1833,73355.18,58358.19,0,29773.88,45491.84,66853.72,40945.95,0,21616.11,50940.19
8/23/2011,901384.33,46482.38117,35958.65752,6957.432261,1703.248587,1863.042799,16824.42686,0,3904.339591,13498,0,0,161384.1833,86721.9,58359.74,0,38220.22,48286.31,74931.75,43804.67,0,23439.07,55548.54
8/24/2011,1391100.33,35357.17074,25036.02996,6881.406545,1522.26384,1917.470399,17843.48809,0,3896.309642,12428,0,0,161384.1833,114897.81,60448.94,0,52751.27,52901.67,104321.2,53240.36,0,32702.17,68569.04
8/25/2011,478773.76,32373.93839,23486.83026,6075.93533,1326.250845,1484.921948,19318.71851,0,5885.952532,10535,0,0,161384.1833,55161.35,48409.92,0,19550.07,34434.88,49933.69,28548.91,0,13787.18,39686.53
8/26/2011,378875.31,26937.86529,19766.91712,4950.826007,982.8777564,1237.244404,18791.71558,0,2414.337964,8879,0,0,161384.1833,44834.99,45798.89,0,15277.02,28938.1,40467.95,26148.77,0,11446.27,34813.33
8/27/2011,405417.11,27426.82961,18815.87498,5565.055397,1108.9578,1936.941428,14142.18973,0,2286.750999,8385,0,0,161384.1833,31561.64,8450.38,0,11123.95,24443.15,31915.63,9361.73,0,8869.22,28046.67
8/28/2011,569266.94,32536.33629,22945.01875,6736.411832,1405.407479,1449.498228,15953.64425,0,2489.284154,11399,0,0,161384.1833,69053.38,64114.67,0,19876.89,39387.74,63487.29,38146.78,0,14290.15,44129.8
8/29/2011,550628.34,34434.18737,25234.34881,6027.561017,1704.779278,1467.498262,18225.99021,0,3067.440474,13519,0,0,161384.1833,62814.24,61252.18,0,22017.63,43899.98,56227.2,36239.88,0,14702,46910.44
8/30/2011,566369.7,36713.83564,27058.08129,6500.771244,1699.004528,1455.978583,18719.9374,0,3184.320841,15988,0,0,161384.1833,61235.23,58374.95,0,22429.2,48605.49,54689.3,34667.6,0,13570.98,51284.29
8/31/2011,669026.09,35587.86134,25336.00746,6234.000113,1931.15682,2086.696945,22083.12277,0,3707.159735,22099,0,0,161384.1833,66642.23,60748.57,0,29230.35,62943.65,57100.59,35019.79,0,17550.47,66875.85
9/1/2011,490928.13,32543.13501,23904.50957,5932.26268,1390.409016,1315.953744,16047.14477,0,3806.195771,11502,0,0,161384.1833,47409.26,50966.47,0,17022.17,35114.6,48301.06,32523.82,0,12422.91,41360.79
9/2/2011,422440.23,27616.47152,19618.04615,5613.390286,1152.392617,1232.642472,13503.74174,0,2654.344214,10072,0,0,161384.1833,48866.16,43100.25,0,14752.79,32626.46,45000.17,26909.43,0,11058.52,35316.35
9/3/2011,378487.12,25769.95816,18119.03069,5260.495378,1164.816686,1225.615408,13329.01854,0,2164.517332,10329,0,0,161384.1833,42092.93,39163.71,0,15523.91,32487.91,37938.02,24189.56,0,9972.02,34673.88
9/4/2011,486052.36,31231.52505,22961.26015,5745.81127,1320.07854,1204.375093,14330.13522,0,2197.529344,12068,0,0,161384.1833,54273.73,51766.13,0,17277.12,40443.96,48484.56,32074.94,0,12430.55,40510.33
9/5/2011,889722.02,37388.20742,26685.3479,7029.66104,1759.375819,1913.822662,18612.27014,0,4043.525371,16759,0,0,161384.1833,96044.77,88584.17,0,32733.06,62541.22,87275.91,53630.58,0,24820.97,66470.86
9/6/2011,1286341.74,41839.64299,29775.72488,7484.076375,2375.801387,2204.040349,21294.50727,0,5424.676579,18128,0,0,161384.1833,89497.07,78516.28,0,51302.38,59712.93,87930.47,61063.54,0,35577.44,76870.26
9/7/2011,835752.21,39352.72036,28773.30683,6804.396753,2039.505143,1735.51164,18528.21411,0,5713.754739,16667,0,0,161384.1833,98465.37,76420.06,0,32181.24,54520.62,84370.23,48073.71,0,25288.74,64471.11
9/8/2011,425854.34,34422.46941,24461.12126,6178.777541,1813.28659,1969.284019,14328.24632,0,3845.453299,12089,0,0,161384.1833,46426.71,46471.75,0,13132.32,34214.71,43092.37,27053.37,0,10210.32,39189.19
9/9/2011,340986.39,27823.43775,19397.90085,5462.223386,1658.372607,1304.940904,13813.52124,0,2224.295841,10700,0,0,161384.1833,40176.51,33780.04,0,13673.44,32308.12,36761.85,22788.59,0,9977.88,34113.05
9/10/2011,336665.58,23758.94895,15327.61741,5655.274319,1523.0292,1253.028021,13177.90659,0,1876.331389,11358,0,0,161384.1833,36391.98,39895.51,0,15175.48,31551.42,32678.56,23527.06,0,11541.29,36549.27
9/11/2011,478705.66,29680.66542,19621.92238,6377.672663,2072.483738,1608.586643,15206.58454,0,2434.858945,16368,0,0,161384.1833,57884.32,53883.45,0,18132.65,45614.08,50199.89,33317.76,0,13334.36,52185.83
9/12/2011,528190.99,33991.04288,22800.03444,7095.707614,2334.921064,1760.379765,16514.64736,0,2632.931017,16770,0,0,161384.1833,55204.8,51748.11,0,17560.83,46630.81,49523.08,34633.38,0,12610.49,52855.55
9/13/2011,518817.95,33271.2984,22664.43252,6718.908852,2195.929926,1692.0271,14796.69337,0,3082.608155,13210,0,0,161384.1833,54957.03,47376.08,0,21888.17,41127.88,50017.68,35304.88,0,15513.59,49142.96
9/14/2011,593233.06,29271.63391,19672.166,5761.296894,2212.637781,1625.533233,15343.52974,0,3119.189033,12603,0,0,161384.1833,59783.37,48326.92,0,22905.57,37592.77,52089.06,30407.28,0,15252.72,47235.42
9/15/2011,587067.66,26196.51279,17810.99149,4825.630881,1920.650933,1639.239479,15228.30688,0,4001.591194,14249,0,0,161384.1833,52873.57,51747.89,0,23439.38,39835.21,50874.64,32752.85,0,15043.12,49058.39
9/16/2011,450587.9,21392.15207,14402.934,3866.716607,1707.164618,1415.33685,13649.18699,0,2352.775023,12788,0,0,161384.1833,45454.58,37175.11,0,15399.07,36675.85,42147.28,23365.63,0,11802.3,42472.87
9/17/2011,463241.16,20558.61228,12917.96238,4655.320723,1660.867391,1324.461785,12481.84717,0,1868.30144,12603,0,0,161384.1833,47664.94,36296.58,0,14426.43,38123.64,41496.81,26436.78,0,10690.5,44662.17
9/18/2011,648530.71,26992.75088,18007.58131,5046.422682,2171.608438,1767.138449,14891.13834,0,2868.476185,16410,0,0,161384.1833,67372.53,9380.7,0,23399.54,48932.88,58100.3,12585.11,0,15687.57,58920.13
9/19/2011,789153.65,30886.57175,20429.00411,5433.36944,2242.028368,2782.169827,16857.4826,0,3670.578856,19980,0,0,161384.1833,64341.89,47404.31,0,28016.17,57292.25,58599.07,37544.81,0,20451.4,71576.33
9/20/2011,932411.87,29741.87248,19405.51446,5259.461572,2735.425344,2341.471105,16923.59408,0,3898.986291,22582,0,0,161384.1833,74995.43,46386.08,0,32873.8,64478.57,67713.19,44325.05,0,21425.55,83373.67
9/21/2011,1645699.61,27596.24463,17666.5832,4756.33393,2718.111052,2455.216455,18928.66078,0,5104.37084,24187,0,0,161384.1833,105078.24,55545.4,0,52982.18,79075.4,84880.32,53090.7,0,36399.37,109099.25
9/22/2011,479025.87,24834.74902,15735.48636,5169.709697,2229.46504,1700.087921,17617.76461,0,4865.256807,22480,0,0,161384.1833,49369.1,41271.4,0,17113.46,53038.97,43095.88,29668.56,0,12212.25,61602.78
9/23/2011,434283.7,21696.6429,13543.07502,4661.244767,1996.368566,1495.954551,18277.93495,0,2706.092774,23159,0,0,161384.1833,43681.19,37508.45,0,17038.94,51132.39,38455.21,24167.01,0,12471.18,59628.32
9/24/2011,454580.82,21365.92235,12842.97047,5018.920389,2051.65093,1452.38056,19483.05276,0,2544.60158,27418,0,0,161384.1833,45491.31,38099.26,0,19050.24,59032.8,40546.31,24276.76,0,12743.83,68139.72
9/25/2011,897362.82,26888.45719,16990.17405,6015.703261,2085.60366,1796.976223,27200.15121,0,3345.812035,57747,0,0,161384.1833,79278.85,70829.5,0,32250.98,117080.01,66550.37,43076.07,0,19820.9,144646.9
9/26/2011,841614.45,31085.46728,19966.82652,6384.15334,2278.465882,2456.021537,29833.27696,0,4063.154135,82593,0,0,161384.1833,67025.07,62789.55,0,28357.33,148354.29,59085.69,39658.89,0,18240.58,205733.61
9/27/2011,636684.75,28510.9793,18108.14719,6178.409762,2170.992188,2053.430159,21241.61809,0,4005.16006,23405,0,0,161384.1833,60672.5,51751.88,0,25609.86,59030.65,53633.23,40355.72,0,17108.27,69536.6
9/28/2011,1061267.08,26002.1199,16455.072,5529.47252,2155.099219,1862.47616,22507.18068,0,3717.866333,20720,0,0,161384.1833,81786.05,63520.74,0,36717.04,58801.41,71143.24,49199.95,0,24559.73,69543.54
9/29/2011,408084.38,23352.08363,14505.73626,5069.770156,2121.911919,1654.665296,21204.78455,0,3112.943517,12963,0,0,161384.1833,53074.49,36719.62,0,14171.59,39458.27,42874.2,22018.73,0,10353.63,45929.31
9/30/2011,443036.65,17432.59271,9806.314855,4306.620261,1966.312166,1353.345425,15384.14108,0,2214.481459,14465,0,0,161384.1833,47418.19,41516.18,0,15524.74,44801.82,42788.89,24296.21,0,10462.93,55696.27
10/1/2011,360450.38,18088.78375,10085.33742,4971.899428,1747.22863,1284.318266,25475.23485,0,1231.454498,11085,0,0,171014.1721,41826.11,36199.43,0,11870.86,35262.05,36535.62,22346.56,0,9045.33,36891.08
10/2/2011,603505.84,21459.60479,12098.58869,6049.823737,1841.631158,1469.561204,29130.80235,0,1462.842446,13758,0,0,171014.1721,70073.46,59955.63,0,19633.55,50325.59,62691.28,41011.33,0,14398,52547.8
10/3/2011,602615.56,35891.58513,25237.68315,6253.140202,2725.684751,1675.077033,30541.54811,0,1786.393389,14120,0,0,171014.1721,52465.61,84458.62,0,15303.5,45417.56,49982.48,52911.13,0,10761.01,48390.18
10/4/2011,596323.45,37696.24282,26125.29946,6938.045157,2716.340416,1916.557786,29782.29951,0,2327.605875,13225,0,0,171014.1721,36240.33,74963.35,0,11005.34,40277.26,36363.83,55572.68,0,9537.29,42725.82
10/5/2011,780294.37,31690.00202,20868.42586,6450.714271,2630.999733,1739.86216,30455.74603,0,3217.861197,14833,0,0,171014.1721,69873.24,65702.18,0,26602.38,49998.41,59750,49444.07,0,16051.47,56579.16
10/6/2011,424396.97,27331.15903,17291.46357,5789.624442,2759.096496,1490.974521,23205.47065,0,3707.109441,11014,0,0,171014.1721,47517.04,45481.71,0,17565.53,38197.03,44142.68,27311.51,0,9569.63,39669.24
10/7/2011,345012.23,23550.13387,14420.38605,5148.403539,2369.387189,1611.95709,21870.54998,0,2805.088631,9929,0,0,171014.1721,45544.59,39815.76,0,15630.05,31893.34,40796.47,25348.28,0,7909.53,34560.37
10/8/2011,348965.7,22773.56063,14014.98483,5246.670892,2296.35765,1215.547254,21322.81348,0,1955.032062,9999,0,0,171014.1721,42760.39,38941.7,0,13425.88,34308.38,36073.97,25175.08,0,8395.28,37362.63
10/9/2011,497532.43,29117.83347,17713.32317,6833.833963,2771.326987,1799.349351,25474.23716,0,2466.830826,14160,0,0,171014.1721,60735.15,57998.45,0,20167.58,48954.51,53146.35,35595.13,0,11372.86,50624.3
10/10/2011,640496.84,35742.76129,24119.80805,6804.519526,3092.497334,1725.936382,28499.25917,0,3453.170974,15165,0,0,171014.1721,74347.47,71760.54,0,23820.17,54312.18,59646.38,47691.63,0,15490.32,54222.62
10/11/2011,610781.89,36708.81521,26251.14551,5416.645868,3357.490423,1683.533405,28562.11418,0,3863.982626,14130,0,0,171014.1721,69262.2,66111.95,0,21646.45,49266.39,55394.41,41411.98,0,12823.67,53496.45
10/12/2011,684758.72,37863.43287,27270.24916,5339.045278,3344.321481,1909.816949,28953.21201,0,3584.552266,14652,0,0,171014.1721,76494.47,67191.55,0,27359.19,56711.11,65631.93,40554.34,0,16632.04,55427.35
10/13/2011,571583.85,32903.41985,22899.03349,5209.323741,3066.078778,1728.983832,26706.39487,0,4281.65748,13457,0,0,171014.1721,59383.15,50876.66,0,22045.51,44014.88,52655.22,37489.17,0,12677.24,50461.53
10/14/2011,469239.04,27157.25822,17924.99461,5037.804797,2779.732865,1414.725947,25922.20381,0,3727.699047,12321,0,0,171014.1721,51260.32,45624.18,0,23447.93,38954.37,42472.84,29104.42,0,11861.31,48646.02
10/15/2011,451013.11,25059.61558,15312.87579,5333.172278,3040.558321,1373.009189,24315.90914,0,2809.01046,13849,0,0,171014.1721,53604.04,46437.35,0,17687.96,44189.46,46640.2,28707.62,0,12411.54,47682.49
10/16/2011,631967.44,32907.22464,20836.67932,6732.690764,3517.979795,1819.874768,27834.79193,0,3372.773467,16120,0,0,171014.1721,72230.68,67750.63,0,24437.61,54455.31,58600.7,42300.48,0,16563.63,61264.54
10/17/2011,757418.4,35797.82834,24564.19111,5583.078798,3801.833164,1848.725272,28937.24883,0,2821.756406,16049,0,0,171014.1721,79115.36,68139.09,0,31998.86,56713.79,64532.13,47309.43,0,19402.48,66956.55
10/18/2011,787295.49,30442.74862,21951.60789,3149.058111,3642.019876,1700.062742,29281.45483,0,2151.123543,18803,0,0,171014.1721,79631.61,65607.06,0,28320.68,58903.98,72082.57,41783.64,0,17471.44,68511.61
10/19/2011,1272311.33,26944.45686,18531.60301,3298.396868,3342.18214,1772.274833,29224.58602,0,5051.316541,18190,0,0,171014.1721,109949.16,80427.01,0,41928.36,67285.17,88998.88,53866.04,0,25167.2,95704.32
10/20/2011,531980.57,23840.11269,16141.5393,2791.680742,3173.226398,1733.666253,26887.97601,0,6010.203882,15678,0,0,171014.1721,52244.37,54348.06,0,20872.01,50397.2,46258.84,30861.59,0,11923.75,56303.96
10/21/2011,438145.5,12897.77562,5573.583195,2916.43746,2903.248325,1504.506637,25639.85512,0,2719.788836,18723,0,0,171014.1721,49095.38,53517.43,0,15712.16,53737.57,45427.53,26005.81,0,10510.43,61575.41
10/22/2011,449763.61,14247.44397,7393.336823,2813.911499,2586.780373,1453.415274,24227.11396,0,2177.595892,19838,0,0,171014.1721,53504.37,48263.35,0,15810.62,56666.92,45011.4,27953.8,0,10307.59,64547.98
10/23/2011,654121.25,23791.88688,15819.02645,3060.770965,2926.296419,1985.793044,28425.42948,0,3125.698201,26652,0,0,171014.1721,79291.13,8867.44,0,26034.86,80215.15,63918.09,12273.6,0,14814.74,82685.85
10/24/2011,789919.14,26351.84547,16167.07991,4718.360084,3273.643243,2192.762233,33018.83361,0,4113.018806,31064,0,0,171014.1721,83912.43,80085.93,0,28437.01,84250.4,69757.22,45956.88,0,16847.73,94632.67
10/25/2011,821618.84,24635.50532,14112.16236,4910.636476,3442.679692,2170.026794,34367.72206,0,4691.488674,33395,0,0,171014.1721,89849.55,85902.01,0,32324.7,96116.54,71788.21,48544.87,0,19124.54,110358.63
10/26/2011,994956.23,31935.73139,21248.71045,4853.268185,3684.251335,2149.501424,34040.47693,0,5526.838382,37465,0,0,171014.1721,107817.29,90198.19,0,41567.25,118505,90884.32,56277.03,0,23071.9,125541.57
10/27/2011,684235.06,29256.72758,19210.90727,3969.820089,3507.74727,2568.252944,43404.87555,0,5687.633396,61866,0,0,171014.1721,66277.06,65408.83,0,20993.6,135587.79,54794.24,36969.67,0,15776.49,145588.99
10/28/2011,609604.63,27779.32624,18256.87193,3852.924573,3264.531009,2404.998731,39595.66248,0,3805.155182,64298,0,0,171014.1721,55095.29,58481.17,0,19633.21,172446.71,48823.37,32447.93,0,12810.16,176577.93
10/29/2011,553475.19,29539.1181,19465.18382,4634.179742,3073.536078,2366.21846,30311.07974,0,3567.88449,21376,0,0,171014.1721,75158.3,56891.61,0,19586.09,63309.98,58397.56,33415.32,0,11837.87,69402.51
10/30/2011,763835.67,42401.9281,31024.84549,5253.139349,3395.311934,2728.631323,34381.68984,0,3110.010883,20883,0,0,171014.1721,99755.37,86567.12,0,25977.58,71525.26,85951.2,48480.51,0,16735.61,83810.37
10/31/2011,737465.77,46840.38066,35476.50705,5864.722606,3075.332318,2423.818683,47022.53051,0,3999.285748,29184,0,0,171014.1721,82905.14,81034.39,0,26442.15,67728.45,65861.55,43958.86,0,14159.35,64335.25
11/1/2011,889035.45,59607.69777,42525.07017,9100.221021,5190.604723,2791.801854,38978.08707,0,4951.309886,19768,0,0,4219833.006,101946.19,90310.65,0,30891.77,63341.57,87075.9,51883.52,0,19000.85,77987.17
11/2/2011,1273755.24,57422.77704,40370.51334,8366.787802,4813.872556,3871.603341,43220.30132,0,6074.91407,24773,0,0,4219833.006,126156.9,108783.06,0,42984.64,80467.09,109888.35,64798.03,0,26825.13,104463.69
11/3/2011,1153192.23,40021.47113,25763.33051,6931.66769,4380.428235,2946.044699,36546.6957,0,7573.052982,19074,0,0,4219833.006,128583.15,109157.84,0,42266.57,73546.79,101599.2,63190.43,0,25545.68,106146.33
11/4/2011,682797.28,32147.43293,21305.9973,5788.58504,2650.637034,2402.213557,33746.15586,0,6924.970639,16029,0,0,4219833.006,77042.94,64381.43,0,28635.19,51833.52,65362.65,41789.37,0,17644.95,66679.15
11/5/2011,779425.76,45353.31108,31827.85713,5949.730098,4931.292891,2644.430966,35923.1341,0,4217.927749,19476,0,0,4219833.006,99021.91,84145.53,0,31357.59,65641.06,80251.56,53985.12,0,18651.74,83942.17
11/6/2011,1290647.66,76706.21936,58902.37883,7915.532432,6083.387165,3804.920929,39550.76604,0,5268.978085,21114,0,0,4219833.006,148611.41,119755.88,0,49191.58,78769.41,127260.35,78685.63,0,28053.76,110386.26
11/7/2011,1866144.72,71627.66665,56334.28683,6278.792007,5863.824336,3150.763473,42493.97677,0,10103.61354,22341,0,0,4219833.006,175207.17,122023.01,0,68306.83,89919.25,160445.72,91992.9,0,42033.53,145649.85
11/8/2011,1400086.68,61206.09251,48274.01665,5781.470857,4073.355247,3077.249751,40316.00083,0,11655.67761,21366,0,0,4219833.006,134812.74,112041.15,0,50119.39,80338.49,121353.64,78903.74,0,29729.41,114147.9
11/9/2011,1679464.36,50106.02089,37458.75787,5632.636214,3979.578239,3035.048566,41169.03309,0,9458.472569,25376,0,0,4219833.006,176684.33,120249.64,0,66273.33,100358.93,142682.51,81102.01,0,36734.99,141669.64
11/10/2011,1011470.21,60160.28772,48726.22049,4559.555764,4134.467103,2740.044362,36238.40685,0,10255.58444,20431,0,0,4219833.006,112331.9,105996.74,0,41397.24,66903.44,99629.85,65860.46,0,25357.76,93251.94
11/11/2011,973513.67,51050.31831,39899.91272,4956.369239,3508.968429,2685.067926,44038.41413,0,7177.928649,28059,0,0,4219833.006,110969.32,93007.41,0,41876.4,63930.25,92268.29,61023.44,0,22013.5,94375.34
11/12/2011,1128723.22,61399.85191,50188.93964,5049.268417,3507.374007,2654.269848,44412.55109,0,6467.097031,31295,0,0,4219833.006,141787.37,108143.04,0,44128.2,89346.87,116629.51,73911.37,0,24889.82,121567.52
11/13/2011,1881029.43,100581.2264,88665.35824,5055.433801,3584.601365,3275.832979,46930.74224,0,8849.608521,38651,0,0,4219833.006,242092.4,195193.97,0,74359.45,130051.79,197045.2,129591.3,0,39455.17,181355.99
11/14/2011,1649777.52,96623.96869,83344.97037,6205.772354,3733.183053,3340.042912,50965.43519,0,11001.71252,38561,0,0,4219833.006,202838.34,168006.26,0,71313.75,120340.35,164002.32,107787.74,0,37389.61,160309.42
11/15/2011,2430509.75,88627.20395,73224.99136,7161.049089,4757.150402,3484.013103,65384.17468,0,12115.51213,44370,0,0,4219833.006,278649,224900.61,0,95233.9,136624.97,195128.28,139264.59,0,48923.45,213895.19
11/16/2011,3387267.72,77153.59775,59645.00357,8416.970733,5645.613695,3446.009756,75476.89324,0,19603.26532,36882,0,0,4219833.006,386997.12,270737.44,0,132860.58,159358.2,256955.92,180412.53,0,62465.59,258164.63
11/17/2011,1481920.55,60775.64454,42426.50971,8586.723842,6551.47422,3210.936771,71397.30386,0,19942.50358,31054,0,0,4219833.006,163590.09,146190.35,0,64557.85,102478.3,125790.06,88452.35,0,32645.01,130145.53
11/18/2011,1406553.04,56357.64803,40346.89999,6353.335147,6765.830019,2891.582867,77286.71841,0,10304.60731,29225,0,0,4219833.006,162318.94,147592.63,0,62957.8,95795.18,116223.52,88713.02,0,28449.26,127395.22
11/19/2011,2019752.49,99193.33401,83005.90058,7973.495928,5225.388859,2988.54864,66230.22305,0,11353.69673,29566,0,0,4219833.006,242246.23,188652.75,0,80268.12,118008.16,171382.45,107792.06,0,40806.69,168453.32
11/20/2011,3229617.61,147102.7461,124279.2346,11742.42185,7199.011853,3882.077806,81870.14557,0,15428.4777,46400,0,0,4219833.006,393701.88,308188.7,0,119819.97,197869.87,280479.99,180016.96,0,63318.75,246524.15
11/21/2011,3040288.16,126958.0889,104411.0135,10619.18842,8359.280104,3568.606922,84778.43685,0,19654.2491,47234,0,0,4219833.006,352279.06,261416.19,0,122142.95,183933.97,248657.71,154489.24,0,56412.92,248726.79
11/22/2011,1902066.05,79835.73175,58871.5912,10131.34295,7797.819623,3034.977973,73078.42592,0,18033.55302,42701,0,0,4219833.006,227259.18,193667.84,0,77739.87,147702.87,169076.87,113075.83,0,39600.53,203617.01
11/23/2011,1574930.27,62279.87938,44338.00183,8477.628975,6936.914968,2527.333606,62980.71886,0,11590.96742,25858,0,0,4219833.006,208777.74,173623.94,0,63895.78,103678.43,145752.26,93453.93,0,30939.78,150311.82
11/24/2011,1223845.68,55340.55284,41578.43129,6670.32776,4985.885971,2105.907822,53460.67927,0,6588.673749,16492,0,0,4219833.006,188242.82,135171.71,0,54970.05,70576.76,125199.72,79892.35,0,27769.24,95623.47
11/25/2011,2824691.45,133255.0432,117625.7499,7749.352022,4266.802075,3613.139181,68898.06898,0,12033.15371,30873,0,0,4219833.006,383610.27,282204.32,0,122051.51,154120.75,286411.71,181535.66,0,57798.06,215442.33
11/26/2011,3113817.62,168381.3556,150002.381,7714.103528,6443.257069,4221.614004,80023.40555,0,15616.72552,38621,0,0,4219833.006,463200.14,317199.92,0,130876.33,185103.85,332113.07,200511.35,0,63850.63,251092.41
11/27/2011,6491981.37,241425.3126,214074.0114,14141.46741,7172.078888,6037.754915,111903.8651,0,23249.5864,68348,0,0,4219833.006,916133.93,557135.52,0,263558.79,343725.92,626765.67,391875.96,0,127930.89,500717.08
11/28/2011,5739972.46,293570.6718,251621.6939,16176.17198,18694.01945,7078.786542,127272.4136,0,38081.946,59695,0,0,4219833.006,805281.16,498171.08,0,276548.19,298895.2,547216.74,326362.2,0,123058.63,418701.93
11/29/2011,5014902.36,268065.6479,228595.6268,12776.11722,19266.79244,7427.111509,122135.2638,0,34702.30933,60479,0,0,4219833.006,763640.26,519125.18,0,234573.67,293253.95,489961.29,299862.07,0,103826.42,406250.95
11/30/2011,8515814.98,266736.7819,230329.4996,11641.96488,16336.84248,8428.474948,158468.452,0,38956.514,97593,0,0,4219833.006,1125391.37,778863.79,0,391531.37,507991.56,707684.11,447784.99,0,168463.46,691556.02
12/1/2011,3177849.33,236897.865,204749.0593,15569.38207,9747.052426,6832.371236,141322.0046,0,46017.76822,62147,0,0,132083.2218,521005.44,361556.97,0,144032.77,220976.79,364950.22,219283.47,0,72702.28,279423.8
12/2/2011,2774433.23,181009.258,153286.594,13374.01587,8583.161844,5765.486296,132682.9329,0,15073.55212,40118,0,0,132083.2218,472473.56,345704.11,0,130415.56,179627.9,335316.39,206378.52,0,65787.14,219481.57
12/3/2011,3885066.41,197192.3013,168018.8747,13732.90797,8961.145391,6479.373242,113380.459,0,16545.21868,43797,0,0,132083.2218,674716.65,471396.36,0,179195.65,240915.84,465557.57,290316.74,0,87857.77,304096.03
12/4/2011,8690179.09,268715.4905,231838.7287,16222.05574,11557.85545,9096.850683,157740.132,0,25742.88958,68127,0,0,132083.2218,1250768.02,882368.78,0,381026.59,431294.63,884722.28,575376.84,0,189545.69,592177.2
12/5/2011,5332646.01,186625.0104,150047.6513,16026.39967,12626.28416,7924.675301,197656.0557,0,36982.85325,62348,0,0,132083.2218,842514.79,660625.17,0,246259.52,314030.13,614227.81,402379.26,0,121070.38,404785.31
12/6/2011,5298424.74,176824.6166,143014.1859,14571.99478,11936.63596,7301.799947,125251.0764,0,23259.39098,69815,0,0,132083.2218,874484.52,662979.8,0,249147.98,339437.53,602203.9,387288.18,0,118713.78,435126.97
12/7/2011,6830652.39,175575.9189,144749.5056,13293.08526,10987.87818,6545.449818,178164.0191,0,26243.90331,77343,0,0,132083.2218,1010603.34,740378.79,0,319691.59,396626.08,697180.86,448879.14,0,157910.55,549941.74
12/8/2011,4417286.6,160725.5019,133052.5661,12584.93044,9670.461224,5417.544093,107545.9178,0,30587.32961,50128,0,0,132083.2218,739095.69,584321.13,0,196323.21,259491.84,542969.09,358737.88,0,104082.29,309643.27
12/9/2011,3717930.54,113407.397,86180.04536,11017.60669,11612.95292,4596.792057,89577.36689,0,18122.77464,45877,0,0,132083.2218,654697.24,495012.08,0,171667.23,232530.77,455973.46,296435.11,0,89408.86,284962.63
12/10/2011,4518941.95,113022.1151,87347.64698,11495.32073,9666.878555,4512.268868,86345.82128,0,18933.61291,51294,0,0,132083.2218,807711.55,574407.69,0,216537.97,282900.27,566583.67,388368.67,0,111384.2,333228.69
12/11/2011,8657495.14,150123.7704,119094.4045,13858.21907,11144.64341,6026.503492,122024.5192,0,23555.48911,77755,0,0,132083.2218,1362817.12,1009126.56,0,386057.54,470326.11,955678.55,711772.61,0,200593.25,590246.72
12/12/2011,5714403.66,177698.0566,141965.5177,15907.8486,13996.47775,5828.212546,116474.3222,0,34524.84654,71916,0,0,132083.2218,982859.68,774869.68,0,260854.84,365318.94,693536.98,504207.84,0,131227.92,428004.63
12/13/2011,5522705.64,169358.6232,135432.8709,13165.1601,15209.20959,5551.382629,108084.675,0,25631.11743,62791,0,0,132083.2218,930365.76,722672.88,0,252980.33,344944.95,675059.11,479071.75,0,137509.62,397336.34
12/14/2011,6105935.69,133069.4689,99333.54083,11902.8104,16804.05191,5029.065778,119462.4293,0,22836.81384,67172,0,0,132083.2218,944873.82,740446.52,0,270729.25,374486.51,685841.12,481253.69,0,147231.89,442742.72
12/15/2011,5500574.46,114473.584,85003.1162,11561.64916,13416.37897,4492.43965,104438.0868,0,27453.78775,55515,0,0,132083.2218,856330.65,694673.71,0,261528.67,338423.13,599782.82,433621.06,0,131699.11,408976.59
12/16/2011,2693789.56,104322.5642,77635.42105,10076.2958,12765.81399,3845.033318,69040.73987,0,18909.10148,41425,0,0,132083.2218,461221.74,375150.75,0,130331.09,191875.66,351997.45,269883.57,0,68939.12,208128.99
12/17/2011,2974666.01,104752.2432,77182.41903,10525.17942,13130.95145,3913.693281,69481.72263,0,5709.203459,41385,0,0,132083.2218,525378.81,427257.54,0,140535.69,215997.48,392513.71,310827.23,0,74731.72,237140.27
12/18/2011,4682330.8,122009.1763,91091.1556,11023.81253,15312.02806,4582.180121,92228.25195,0,7430.886659,60831,0,0,132083.2218,770996.18,649350.49,0,228231.42,342250.82,595132.92,466163.6,0,119962.73,363655.79
12/19/2011,3003033.96,113694.9235,82887.04716,11805.33032,14761.72846,4240.81754,75233.45479,0,6945.560244,38460,0,0,132083.2218,495963.65,407460.97,0,139814.03,212934.85,391237.45,301249.8,0,76100.65,230865.52
12/20/2011,2528433.39,123440.7358,98145.4722,9473.764646,12547.05858,3274.440351,68223.62476,0,5812.151486,38330,0,0,132083.2218,400065.14,330445.94,0,118205.3,198688.2,323638.5,245965.47,0,62378.02,203838.84
12/21/2011,1220987.47,50381.27717,31170.8136,7233.967657,9427.022424,2549.473487,50216.16357,0,4662.074952,23315,0,0,132083.2218,207930.33,20675.13,0,55068.77,97711.7,162084.89,45097.17,0,32289.35,94709.67
12/22/2011,913953.64,27189.8525,11522.10235,6358.864775,7081.551063,2227.334311,45128.89865,0,4921.896164,23114,0,0,132083.2218,146381.63,125501,0,45200.21,67455.67,118657.75,93558.17,0,25519.83,74469.63
12/23/2011,688115.8,22020.44952,9588.823615,5375.040228,5355.110217,1701.475464,37232.1146,0,3584.552266,18190,0,0,132083.2218,115969.27,86272.9,0,33146.06,58714.91,89330.76,67566.3,0,17191.61,63651.54
12/24/2011,427102.6,15087.41965,6132.268557,4020.235453,3764.526255,1170.389387,31993.1995,0,2461.928539,13406,0,0,132083.2218,70484.38,50629.25,0,19874.98,38365.02,54455.6,41909.82,0,9926.37,45089.19
12/25/2011,505638.87,16753.40459,6856.256633,4467.282546,4052.78947,1377.075945,27219.21193,0,1680.503989,13075,0,0,132083.2218,73759.7,51273.97,0,20164.79,45357.12,55179.72,49860.97,0,11395.92,50849.19
12/26/2011,1019402.18,30906.67859,15405.916,7573.847219,5888.527305,2038.388069,37855.6762,0,3666.910688,22069,0,0,132083.2218,151823.7,92368.59,0,44724.94,77519.18,121384.92,93885.09,0,28117.55,84182.18
12/27/2011,1087528.79,44009.87872,28095.22881,8384.881026,5208.203596,2321.565285,55205.65404,0,4836.59637,28883,0,0,132083.2218,163473.61,104821.93,0,48759.87,91127.43,125277.55,90813.84,0,28456.64,103382.08
12/28/2011,1018497.97,52513.8054,36691.97346,8447.789204,5276.692205,2097.350532,52796.21203,0,5459.186821,32541,0,0,132083.2218,161083.25,113540.75,0,52030.77,86878.09,120869.45,89966.78,0,27510.33,102361.08
12/29/2011,947325.01,50361.44765,36309.33772,7086.848914,4927.882129,2037.378893,52363.21086,0,5550.369359,17959,0,0,132083.2218,142985.19,107779.55,0,47154.38,72284.67,105100.52,79019.9,0,26515.52,83449.98
12/30/2011,889777.58,66842.75691,54278.33155,6082.983478,4743.022811,1738.419073,41516.23219,0,5068.964775,17205,0,0,132083.2218,129037.79,95201.82,0,41523.48,70641.19,101226.1,67960.77,0,22635.18,81199.2
12/31/2011,760620.69,48877.36663,38794.49129,4927.206153,3776.625494,1379.043696,38303.64285,0,4098.311945,13929,0,0,132083.2218,114256.57,84620.68,0,36411.33,61301.52,113958,91530,0,29360,95003
1/1/2012,977334.94,46026.51106,32980.68629,6527.391949,4567.125338,1951.307485,23847.74416,0,3345.57956,14757,0,0,154142.394,139811.43,111094.24,0,43151.11,67828.41,97623.26,88067.26,0,26346.67,85681.67
1/2/2012,1559437.91,57180.54017,42007.67021,7951.964535,4919.10906,2301.796362,33624.73188,0,6138.959093,23801,0,0,154142.394,183431.98,130443.23,0,64888.16,99971.38,151883.03,131074.18,0,41945.75,129683.91
1/3/2012,1168733.42,56038.95161,42060.62211,7172.244654,4903.0922,1902.992643,27301.55538,0,6175.714087,19069,0,0,154142.394,130250.43,102836.41,0,45958.95,76044.32,106265.44,91278.51,0,29999.84,100888.26
1/4/2012,1249739.35,54342.39809,38481.95383,7559.841714,6583.079835,1717.52271,30541.95083,0,5743.405349,21659,0,0,154142.394,130244.51,103170.81,0,52754.97,78756.02,108202.48,92850.74,0,31874.37,110342.01
1/5/2012,799674.58,51661.97442,34959.66506,7836.86718,7294.104795,1571.337388,22552.56495,0,5576.257639,15347,0,0,154142.394,101495.23,79471.7,0,34195.12,57878.44,81413.51,69341.06,0,22592.99,75417.44
1/6/2012,643441.41,43725.96594,28364.91071,6894.996199,6934.270424,1531.788608,20612.24357,0,2967.528194,13633,0,0,154142.394,85420.89,61504.44,0,26197.35,53154.5,69488.2,52582.78,0,17505.97,66939.28
1/7/2012,706000.05,43498.3843,27423.16181,7508.628601,6950.368653,1616.225236,19992.55465,0,3195.934228,15042,0,0,154142.394,93078.33,72457.6,0,31916.07,58510.13,77035.21,57523.27,0,18215.03,74045.77
1/8/2012,944794.06,49196.57208,32497.58795,7815.968958,7210.197172,1672.817997,21903.50689,0,3686.875931,17080,0,0,154142.394,123324.46,100390.15,0,43201.1,74691.14,102834.33,79787.41,0,25719.55,92437.23
1/9/2012,934575.42,56791.40815,35972.47818,8124.895504,10906.20027,1787.834189,22694.51581,0,4670.509576,17984,0,0,154142.394,100116.47,87260.46,0,41400.4,68135.65,87933.69,73601.03,0,24545.52,91200.63
1/10/2012,1067214.21,52024.52473,31816.48156,8060.075727,10380.40095,1767.566488,25481.64749,0,5105.44367,19717,0,0,154142.394,125276.92,101680.49,0,44021.74,78604.61,102087.12,75793.42,0,25868.38,98421.96
1/11/2012,1462567.08,47449.70048,29536.43727,7299.779552,8879.974568,1733.509094,31472.95267,0,6786.54708,25077,0,0,154142.394,166886.85,130279.79,0,68529.87,98313.01,132196.91,97456.63,0,36237.55,140671.53
1/12/2012,684133.68,42240.45831,24424.0079,6731.522751,9110.240696,1974.686962,17476.59806,0,7498.018747,10634,0,0,154142.394,66991.14,50070.93,0,27188.11,46503.29,63192,51675.55,0,18617.62,59716.45
1/13/2012,573433.6,30720.76753,18125.0308,3937.282596,7167.139787,1491.314347,17841.75441,0,3489.974178,11215,0,0,154142.394,59199.62,49743.02,0,21861.28,40168.76,55115.26,39680.15,0,15695.18,55146.7
1/14/2012,580768.19,25357.59071,13654.37274,3230.904638,7087.167713,1385.145621,17323.87852,0,2682.239433,12348,0,0,154142.394,60807.95,55944.56,0,21247.5,46076.87,52197.23,46971.87,0,16018.95,60983
1/15/2012,759552.37,29417.6285,16824.7494,3291.61628,7801.192655,1500.070168,18947.01316,0,3318.450874,15604,0,0,154142.394,79840.09,66494.76,0,32850.77,61520.9,71618.84,57543.4,0,20481.28,77923.44
1/16/2012,1191877.81,32980.04587,19947.32941,3296.954945,7694.546189,2041.215325,21815.39946,0,4632.879464,15680,0,0,154142.394,95813.22,68276.59,0,42677.66,61471.85,97902.39,80325.26,0,31549.86,89172.55
1/17/2012,1171446.15,34430.07192,19375.68589,6228.329651,6838.566028,1987.490346,20936.28311,0,4475.358061,13310,0,0,154142.394,87559.15,63261.58,0,39240.18,54004.38,91644.84,66273.73,0,30452.47,82724.02
1/18/2012,2447973.87,30252.92398,16621.91032,5443.779771,5866.481661,2320.75223,23963.26279,0,5818.665575,16185,0,0,154142.394,119113.6,71753.78,0,81018.88,72062.25,135760.59,108145.58,0,66495.51,130675.1
1/19/2012,550868.63,21926.59277,11868.86759,4693.15486,3966.499385,1398.07094,17389.4696,0,7054.333464,11358,0,0,154142.394,51099.41,50214.07,0,21497.18,41390.89,48225.76,40358.57,0,15117.78,60404.14
1/20/2012,434660.88,15236.14412,5648.490047,4189.911183,3984.336482,1413.406405,16231.3464,0,2366.321509,10453,0,0,154142.394,43428.93,44404.95,0,17826.03,37544.89,39360.21,33405.71,0,9027.87,51977.73
1/21/2012,499358.08,28868.97815,15390.45491,4918.173521,7179.94299,1380.406732,16994.94411,0,2560.597905,13452,0,0,154142.394,60326.94,47091.06,0,21851.31,49383.12,52431.34,37366.11,0,12500.04,65430.23
1/22/2012,656281.09,34920.11591,19723.28683,5685.049031,8076.997519,1434.782537,21279.90209,0,3062.041036,17032,0,0,154142.394,83224.19,61256.75,0,28182.8,63355.09,68936.32,44088.5,0,17547.23,85308.99
1/23/2012,657580.25,37513.21552,21704.89936,5743.533382,8601.891967,1462.890816,21619.60517,0,3398.961813,15109,0,0,154142.394,66160.46,60474.03,0,26439.22,54428.23,62152.14,47417.75,0,15393.35,89336.76
1/24/2012,526750.04,40395.52333,22511.13095,6666.916365,9203.362142,2014.113868,18900.02253,0,3324.576706,13557,0,0,154142.394,52329.71,42107.05,0,23097,48565.13,46177.67,32479.39,0,14555.35,82943.48
1/25/2012,567736.64,34991.29197,19266.0499,5786.610998,8653.044055,1285.587016,21151.65683,0,3091.795078,14252,0,0,154142.394,62959.77,44887.54,0,24713.3,52700.55,48520.99,35020.34,0,12626,95387.33
1/26/2012,567638.89,33428.77125,18470.86232,5102.148573,8698.928301,1156.832058,20633.78094,0,4027.297184,17803,0,0,154142.394,60228.38,47445.68,0,25808.21,58567.32,47641.75,32605.18,0,13457.48,103409.51
1/27/2012,498032.62,30154.41227,16656.84184,4616.711373,7675.061269,1205.797788,27640.2795,0,4827.15586,42366,0,0,154142.394,52412.68,41753.82,0,22143.77,86497.92,42128.86,28175.53,0,11413.93,123585.19
1/28/2012,506985.66,28735.07766,15983.54536,4585.064211,7078.686388,1087.7817,22536.90141,0,4186.568824,31170,0,0,154142.394,55990.97,48303.33,0,24077.34,79453.1,43553.97,31791.99,0,12618.99,122133.01
1/29/2012,840548.11,34811.54765,19872.67573,5239.466108,8237.064182,1462.341629,24392.05228,0,4351.966296,33988,0,0,154142.394,84559.74,69035.44,0,36925.53,111791.59,69627.51,50825.67,0,17688.44,181908.52
1/30/2012,1131618.46,40159.9688,23539.41101,5865.220771,8920.876078,1834.460936,30358.88318,0,6389.243099,47945,0,0,154142.394,95799.53,71458.13,0,43004.87,133918.96,77888.07,55297.36,0,25135.88,272863.62
1/31/2012,1283414.63,38185.05751,24491.09542,5319.509284,6571.262886,1803.18992,36605.6999,0,7867.318923,73888,0,0,154142.394,141707.74,108447.59,0,56253.59,211801.7,87430.08,61451,0,28177.36,404012.26
2/1/2012,943038.75,34683.85683,20970.94212,5506.555476,6781.868109,1424.491124,25404.30874,0,7340.497344,20060,0,0,135397.009,113604.94,76382.62,0,40167.27,70787.85,82761.6,54647.7,0,24410.56,91344.16
2/2/2012,468693.05,30260.7484,18479.52691,5348.980704,5157.260432,1274.980354,23012.68153,0,3872.401138,15890,0,0,135397.009,52823.09,50377.79,0,16572.91,43077.06,45000.89,39342.68,0,11381.34,53640.15
2/3/2012,407381.15,22819.42996,14513.40345,4599.138593,2641.560275,1065.327644,21345.49317,0,2225.427366,13329,0,0,135397.009,52577.2,45745.7,0,13955.82,40901.43,44979.79,32818.48,0,10160.21,46843.93
2/4/2012,414659.83,22180.48311,13484.92,4849.459024,2657.533251,1188.570827,20519.24128,0,2036.401683,12338,0,0,135397.009,57232.19,46058.61,0,16451.34,43159.35,49470.3,32051.06,0,11308.19,47599.2
2/5/2012,544105.09,22977.87969,14306.25296,4736.58837,2778.846984,1156.19138,21455.13797,0,1730.985187,13624,0,0,135397.009,70055.83,59966.66,0,18960.23,44892.75,62312.49,40635.68,0,13325.48,53393.51
2/6/2012,609513.36,27764.28243,18327.02602,5837.30558,2187.164746,1412.786086,24364.64108,0,2104.660958,14947,0,0,135397.009,74391.43,65628.93,0,23302.51,46485.09,63868.46,46658.78,0,14061.15,59201.58
2/7/2012,798467.04,28131.08522,16898.58907,6035.761672,3753.501191,1443.233288,23027.3661,0,1758.113873,15356,0,0,135397.009,87899.38,66567.88,0,22622.03,53270.16,76983.14,50306.56,0,19278.31,70830.32
2/8/2012,437208.36,28523.39085,17963.35769,5469.844224,3826.862757,1263.326181,19151.61819,0,2264.807717,15214,0,0,135397.009,58259.87,57314.65,0,16750.28,46830.01,46606,36516.01,0,10554.04,56490.51
2/9/2012,564053.7,21945.74441,13504.82126,4747.35786,2443.530549,1250.034746,19143.78642,0,2851.137381,17213,0,0,135397.009,65396.34,52517.37,0,21712.05,53167.68,55287.67,37455.79,0,13381.98,70601.98
2/10/2012,401470.74,19959.55293,12125.68595,4590.230051,2235.563082,1008.073845,15074.20216,0,2620.981109,9511,0,0,135397.009,53208.45,41848.85,0,15475.87,31351.34,44634.17,32086.87,0,9847.27,36456.66
2/11/2012,410179.5,20440.44431,12678.93267,4532.356173,2249.555959,979.5995119,14112.85221,0,2158.043211,9463,0,0,135397.009,54723.85,43657.85,0,16130.63,34835.03,45994.9,29771.86,0,10346.9,39210.44
2/12/2012,531316.11,24011.65834,15848.58701,4689.066823,2257.518685,1216.485824,15790.80925,0,2313.814375,11586,0,0,135397.009,76909.6,60365.81,0,20148.59,41194.57,64031.72,42630.21,0,13195.76,47947.82
2/13/2012,547501.59,25843.39408,17917.42254,4689.249912,2031.971295,1204.75034,15927.86525,0,2567.598856,10063,0,0,135397.009,63786.66,51012.03,0,20850.89,37099.76,53212.23,40149.69,0,16842.38,45201.23
2/14/2012,397115.7,18453.72689,11733.29896,4200.934873,1348.800079,1170.692976,13071.2266,0,2620.105991,8254,0,0,135397.009,47205.85,40065.07,0,15030.81,27613.75,40945.59,25549.53,0,10282.29,34274.65
2/15/2012,543942.27,20122.7522,8858.873126,4948.397283,4874.770439,1440.711354,15714.44948,0,2166.7944,9968,0,0,135397.009,57495.74,52075.36,0,22054.91,41517.08,53457.13,31984.1,0,13255.99,42028.52
2/16/2012,843961.94,15260.01171,5292.865582,4949.190216,3732.806175,1285.149738,16227.43051,0,3384.95991,12538,0,0,135397.009,79874.22,53171.67,0,35079.09,43909.46,70052.65,44851.86,0,22528.73,57402.36
2/17/2012,454707.93,10956.14219,4419.933203,4323.954323,1012.182297,1200.072371,14460.38707,0,3512.72727,10453,0,0,135397.009,40224.1,36820.33,0,15374.39,28360.5,38268.78,29453.91,0,11584.21,38357.56
2/18/2012,373933.28,10541.95207,4243.99209,4327.503437,1015.619565,954.8369783,13492.18432,0,1803.620056,10054,0,0,135397.009,44998.93,36338.55,0,13768.33,31836.81,39192.82,25701.7,0,9334.86,37679.85
2/19/2012,649404.62,11818.54907,4808.252315,4827.533359,1004.056944,1178.70645,15999.33017,0,2133.539881,11977,0,0,135397.009,64057.13,49263.61,0,20504.25,38811.77,55380.49,41652.47,0,16272.72,52185.54
2/20/2012,584911.39,12317.03374,5274.886197,4827.340308,1065.602207,1149.205027,18599.4783,0,3589.737733,14452,0,0,135397.009,57436.73,54466.28,0,26454.54,47017.88,59079.41,40270.72,0,18506.69,52333.65
2/21/2012,466462.74,13716.01983,5747.306321,5670.954283,1044.571923,1253.187303,17423.7336,0,2345.318656,12234,0,0,135397.009,52241.94,48185.38,0,15399.9,35949.54,45021.75,34341.63,0,11849.14,39997.55
2/22/2012,502337.19,15219.63907,7430.283557,5413.586831,1031.97194,1343.796742,17980.76835,0,2459.084113,13595,0,0,135397.009,54617.77,45988.02,0,18787.18,37159.51,43612.94,35216.01,0,13465.07,41996.12
2/23/2012,410344.45,15301.89935,7527.147259,5637.974796,1013.40264,1123.374655,17149.6216,0,2817.007743,13776,0,0,135397.009,45463.16,37197.01,0,15496.21,34588.85,40918.32,26622.12,0,9992.99,40272.45
2/24/2012,365081.94,15963.93877,7866.887158,5423.512174,1593.191547,1080.34789,14849.03873,0,2203.549394,11358,0,0,135397.009,44485,35428.2,0,13796.71,35014.8,37594.33,28381.7,0,8145.97,37396.63
2/25/2012,393193.44,16038.90753,7266.43393,5604.192089,2095.957307,1072.324207,14200.95964,0,1601.467589,10929,0,0,135397.009,51563.87,39450.02,0,16119.07,36087,40393.79,29723.56,0,13146.31,41416.97
2/26/2012,546659.7,17277.80678,7821.216203,5996.304471,2100.13686,1360.149241,15921.01245,0,1561.21212,12938,0,0,135397.009,77319.69,54497.87,0,19530.58,44650.74,62936.65,38211.73,0,15120.32,48462.01
2/27/2012,600942.65,20091.11502,8747.924617,6543.927665,3264.321633,1534.941104,21012.64288,0,1340.682157,20602,0,0,135397.009,66625.78,54526.66,0,20164.31,50919.11,58923.76,41031.29,0,13968.14,59825.67
2/28/2012,766582.85,17895.55802,8031.672406,6124.021998,1855.064166,1884.79945,22540.8173,0,2719.869545,26714,0,0,135397.009,87241.08,63681.09,0,27862.28,76252.81,65232.1,40896.19,0,17153.13,102691.59
2/29/2012,1453310.27,21860.80648,11683.59096,6006.270362,2070.442152,2100.503006,29593.32751,0,4269.70512,21478,0,0,135397.009,98918.97,83536.37,0,55852.87,88761.72,84265.83,81749.18,0,42111.83,109668.32
3/1/2012,455540.25,18368.385,8821.571516,5965.745242,1891.419843,1689.648398,18444.80081,0,4079.804318,11415,0,0,127439.0471,50835.98,44969.51,0,15232.28,45479.26,44541.89,29159.6,0,10701.83,53453.03
3/2/2012,371312.02,15693.04594,6756.610797,5799.028054,1752.55642,1384.850668,18331.24012,0,1962.016577,9987,0,0,127439.0471,49286.57,35403.31,0,13115.23,36525.78,42293.35,26437.43,0,8940.86,43352.24
3/3/2012,392682.84,16032.92845,6931.179014,6044.924694,1825.318639,1231.506101,16745.3064,0,1613.719254,10082,0,0,127439.0471,49157.16,41455.47,0,12394.39,42216.78,42738.62,25854.98,0,9142.95,46313.52
3/4/2012,517527.12,18895.13034,8509.106108,6778.912069,2215.183527,1391.928635,18495.70732,0,1616.344611,12786,0,0,127439.0471,54977.58,61501.66,0,11100.61,47908.24,49691.58,44803.79,0,9657.26,53697.46
3/5/2012,584946.79,23320.88058,13104.76692,7053.862604,1619.743871,1542.507182,20267.64562,0,1802.744937,11929,0,0,127439.0471,64916.48,54754.07,0,16607.44,48011.88,57140.57,43774.15,0,13516.84,60178.85
3/6/2012,620384.25,24900.88246,15657.29017,6003.890955,1876.419955,1363.281377,20479.10345,0,2375.947817,11510,0,0,127439.0471,59123.93,47725.31,0,17151.13,48507.83,56299.84,37065.78,0,14055.05,60402.04
3/7/2012,928414.82,27043.12077,17839.9316,5933.92534,1891.297813,1377.966016,22270.62118,0,2832.759884,11786,0,0,127439.0471,77257.13,56161.4,0,26329.11,61269.62,75224.98,50592.35,0,17499.33,71047.58
3/8/2012,392157.02,29686.02974,21224.83182,5347.383928,1939.877005,1173.936991,21915.25455,0,2943.024865,10234,0,0,127439.0471,53924.8,42256.89,0,14357.14,36491.8,43090.83,28920.09,0,8677.15,41721.21
3/9/2012,338599.32,26037.40572,18159.35265,4758.26956,1941.199083,1178.584422,21887.84335,0,1723.984236,9597,0,0,127439.0471,45484.56,33958.07,0,12092.37,32675.95,38925.56,24318.2,0,8869.35,41124.32
3/10/2012,341213.18,21746.52294,13365.1343,5364.428018,1962.09728,1054.863337,22233.42026,0,1747.612446,9273,0,0,127439.0471,49668.76,39241.89,0,15411.38,34883.92,41804.18,26306.41,0,9461.12,41047.19
3/11/2012,531380.22,22246.10532,13247.79953,5633.91721,2253.156211,1111.23237,23740.0573,0,1862.253022,12367,0,0,127439.0471,64447.43,53667.19,0,16251.7,49429.3,62439.5,40608.21,0,12975.85,55091.42
3/12/2012,588756.11,25129.2672,15613.00232,5964.535459,2309.626768,1242.102646,22691.5789,0,2344.443537,12291,0,0,127439.0471,65761.58,52689.22,0,19481.29,47769.08,62655.31,39533.06,0,14418.74,59733.58
3/13/2012,499614.35,28918.02569,20028.1054,5398.77003,2176.254974,1314.895279,18827.57864,0,2228.927842,11491,0,0,127439.0471,55859.99,39309.58,0,16556.78,43777.12,53336.52,35155.45,0,12258.86,54991.09
3/14/2012,387368.53,26214.27278,18084.68895,5296.211652,1587.994986,1245.377199,17250.45566,0,2221.051772,10720,0,0,127439.0471,52659.03,34296.46,0,12663.13,38240.66,46282.65,28937.34,0,9617.55,45013.59
3/15/2012,374864.99,19826.62874,12054.81533,5078.463999,1555.157908,1138.191502,16120.72262,0,1622.470443,11310,0,0,127439.0471,50096.17,37632.89,0,15192.77,38396.92,43564.52,28909.33,0,8507.68,46461.26
3/16/2012,348210.02,17111.95412,9948.892133,4327.340761,1519.57513,1316.146098,15884.79051,0,1734.485662,11529,0,0,127439.0471,43668.73,34318.43,0,13461.2,35111.44,37549.86,26110.04,0,6928.56,42187.7
3/17/2012,328619.17,15305.62148,8524.207677,4433.855007,1515.75142,831.8073751,15760.46114,0,1583.090092,10815,0,0,127439.0471,46817.41,32754.47,0,11104.73,36065.74,41048.2,24361.04,0,7276.02,43819.92
3/18/2012,594573.21,20827.77719,12708.64778,5496.803192,1519.188692,1103.137523,19917.17385,0,1873.629568,14899,0,0,127439.0471,71120.51,49374.98,0,19575.01,51340.55,65083.33,39370.44,0,13514.13,65048.27
3/19/2012,665206,27568.18831,18020.48974,5813.072116,2467.151165,1267.475288,23913.33525,0,2781.127868,14328,0,0,127439.0471,67296.25,50878,0,24721.52,54763.15,65693.07,43772.66,0,16904.77,74704
3/20/2012,535992.15,28778.82643,18150.06814,6847.372769,2481.469776,1299.91575,22720.94804,0,2752.248945,14100,0,0,127439.0471,54253.51,44245.19,0,18611.17,46492.87,49494.89,36304.01,0,13794.06,59322.52
3/21/2012,488820.25,28598.64488,17259.11582,7450.805614,2818.239936,1070.483513,24106.19262,0,2410.952573,15166,0,0,127439.0471,55285.34,42836.37,0,19984.99,51665.8,50580.15,32062.4,0,12581.68,63792.64
3/22/2012,504903.13,30104.47076,17771.07438,8060.990973,3104.224274,1168.181129,33034.41211,0,2145.791546,20812,0,0,127439.0471,49569.57,44310.45,0,15959.45,60858.35,48610.73,31074.58,0,12067.91,79861.26
3/23/2012,421113.99,27097.83206,14982.44774,8041.048513,3084.861802,989.4740059,33772.55657,0,2479.211847,11472,0,0,127439.0471,42138.55,38991.19,0,16216.26,36764.09,40236.3,26864.39,0,12445.7,46351.73
3/24/2012,510828.16,27641.1132,14899.56716,8347.371859,3200.244074,1193.930098,26535.02075,0,2183.421659,12605,0,0,127439.0471,54011.43,38068.77,0,19361.31,42138.23,50684.84,30439.51,0,14640.64,53499.58
3/25/2012,821207.84,35135.61631,21088.19552,8615.397064,3813.713779,1618.309954,35745.18401,0,2817.882862,16623,0,0,127439.0471,73120.5,53386.32,0,30467.67,56674.39,72223.41,47183.65,0,21427.49,71975.08
3/26/2012,1847710.63,42300.19315,23435.2153,12471.08989,4288.615489,2105.272464,48432.65381,0,4246.952028,25953,0,0,127439.0471,107181.49,69915.56,0,56080.17,87261.74,110155.38,85843.7,0,44090.73,123118.16
3/27/2012,720466.12,43774.7078,26455.86708,11124.81223,4732.53088,1461.497613,56784.25913,0,4755.39611,33188,0,0,127439.0471,67326.59,55471.43,0,27398.56,81266.7,62863.99,45806.95,0,18278.3,109290.6
3/28/2012,883814.98,45371.55972,28832.40893,10176.88972,5031.328572,1330.932499,68545.62195,0,3803.266745,45165,0,0,127439.0471,70557.64,66445.59,0,28920.53,90990.26,63210.69,48288.13,0,21329.14,116251.22
3/29/2012,572547.7,44323.95755,27597.86223,10897.79963,4570.064333,1258.231356,57459.74942,0,2604.35385,17299,0,0,127439.0471,54541.97,51532.52,0,21311.8,52989.53,49317.37,38367.75,0,14646.58,71135.65
3/30/2012,440654.6,33225.73884,20675.27649,8199.915005,3374.903785,975.6435633,32897.35611,0,2239.429268,13757,0,0,127439.0471,45979.72,42009.13,0,17045.56,41737.41,44088.28,29283.08,0,11075.41,49142.72
3/31/2012,470666.97,30571.59248,17420.95128,8946.350564,3249.463869,954.826768,26256.99286,0,1480.701181,23011,0,0,127439.0471,50347.35,43152.14,0,16645.56,61290.38,45526.79,31702.85,0,10181.09,72375.61
4/1/2012,660616.31,42716.12529,27172.4829,10445.32191,3888.954636,1209.365849,21977.6493,0,2570.359319,20135,0,0,138094.6876,74333.2,54645.49,0,23009.11,59851.08,66121.25,41052.58,0,15349.99,78663.36
4/2/2012,680637.1,45364.1626,28912.64161,11643.91061,3482.016039,1325.594342,19977.28082,0,3719.538241,10405,0,0,138094.6876,72474.9,53254.32,0,24983.78,44961.39,68746.12,42139.99,0,15955.97,50858.26
4/3/2012,490958.32,39811.42816,24624.31086,10337.29629,3608.925485,1240.895532,19292.88864,0,3389.64087,9758,0,0,138094.6876,55033.04,34568.49,0,17161.22,40718.26,57784.68,26905.2,0,12452.74,42479.92
4/4/2012,442881.45,34278.30265,20908.21362,8955.64972,3006.143562,1408.295749,20104.02011,0,2044.926751,10453,0,0,138094.6876,57339.64,41684.05,0,16780.23,40726.98,51040.24,29055.97,0,11649.65,41881.85
4/5/2012,388631.84,26647.8206,15945.35845,7053.462461,2579.648538,1069.351159,15393.54311,0,2213.152563,8797,0,0,138094.6876,54348.71,36495.54,0,15836.91,35482.43,43257.26,22672.06,0,11881.44,43772.94
4/6/2012,384633.37,19157.47034,12359.25767,1592.892028,4192.086428,1013.234217,15189.70408,0,1754.354895,8816,0,0,138094.6876,49208.62,40373.05,0,14271.68,34784.8,44904.6,25243.87,0,9836.25,45628.95
4/7/2012,330706.25,17871.24576,11396.9817,1543.771123,4036.937119,893.5558141,14738.72344,0,1474.706792,7940,0,0,138094.6876,41918.07,30880.66,0,12936.22,33177.05,35342.36,21696.51,0,8558.23,38792.97
4/8/2012,452541.76,19435.19263,12776.52456,1499.061234,4109.812218,1049.794613,15950.13983,0,1934.596836,8406,0,0,138094.6876,59175.24,39926.17,0,17130.5,35826.5,51870.24,27355.81,0,11158.51,45266.6
4/9/2012,720795.35,36031.1083,23897.5464,5026.833935,5531.704893,1575.023071,19280.21471,0,3497.786035,11795,0,0,138094.6876,81665.89,54047.6,0,32015.51,51670.27,73382.23,41974.15,0,21422.78,62323.54
4/10/2012,780031.9,40844.94583,28190.33167,5389.639466,5681.844868,1583.129828,19416.45945,0,3951.121827,14480,0,0,138094.6876,83995.54,55664.35,0,31375.53,62527.72,76507.08,44226.94,0,21953.87,73243.06
4/11/2012,985298.5,38461.58791,23260.01943,8250.908743,5570.871041,1379.788686,20293.07288,0,4135.733269,13814,0,0,138094.6876,95508.45,64269.75,0,35720.41,60693.96,85426.65,45317.8,0,26998.07,79462.62
4/12/2012,512740.74,26379.33737,17580.09779,2105.196729,5428.538745,1265.504108,19510.45776,0,3615.762578,11234,0,0,138094.6876,65341.72,45177.55,0,20740.83,45420.26,59387.31,31821.36,0,13509.07,54978.79
4/13/2012,436258.83,20576.24403,13637.66404,287.8582938,5404.058504,1246.663191,18470.13941,0,2663.211228,9872,0,0,138094.6876,57748.92,39274.16,0,19981.68,42619.32,54962,26361.81,0,11204.78,49876.82
4/14/2012,423444.31,19218.91717,12377.9597,266.8491505,5294.793941,1279.314377,18145.89806,0,2183.658427,10748,0,0,138094.6876,54991.02,39254.47,0,16188.63,43194.08,47882.51,25437.48,0,10128.43,50550.44
4/15/2012,710123.17,28666.08659,21231.58642,406.6928758,5467.160601,1560.646687,20872.90514,0,3727.184869,14613,0,0,138094.6876,89091.55,54530.31,0,28925.64,54529.81,80607.15,43804.38,0,23554.49,63823.53
4/16/2012,776574.41,35278.49545,24188.57618,3658.025045,5657.65282,1774.241405,20983.80202,0,4277.742072,13128,0,0,138094.6876,85023.39,57340.12,0,32247.4,51417.68,79931.74,46482.52,0,22651.33,69358.39
4/17/2012,1054351.11,27105.97366,15321.82364,2704.12267,4772.53465,4307.492695,19299.22561,0,3052.096871,13633,0,0,138094.6876,87766.23,52560.6,0,40357.03,57102.08,90277.71,48824.27,0,30109.27,89211.1
4/18/2012,825906.03,20058.55641,14445.49609,859.3452564,2748.159558,2005.555505,19486.16606,0,3705.337361,13233,0,0,138094.6876,82245.84,59563.41,0,32163.51,53146.95,74534.49,42595.99,0,22290.05,67326.7
4/19/2012,599123.78,17337.13114,12770.27653,807.9599838,2075.066169,1683.828458,18722.56183,0,4133.548519,12690,0,0,138094.6876,70095.84,45544.75,0,22133.47,44309.45,63883.14,35396.43,0,16230.16,60655.78
4/20/2012,473752.23,14669.37652,9598.676587,1183.464873,2611.552113,1275.682944,17450.94427,0,2992.016224,10796,0,0,138094.6876,57632.03,45647.58,0,19036.67,39987.11,51142.52,32969.76,0,12754.49,51894.53
4/21/2012,475917.55,14752.93211,9230.86156,1476.033311,2869.237147,1176.800095,15770.5925,0,2905.718567,11310,0,0,138094.6876,61508.55,36349.15,0,20182.79,41349.29,53962.43,29434.92,0,12891.67,50010.41
4/22/2012,715244.23,25997.07119,19485.42426,1777.125137,3234.915845,1499.605946,21228.83132,0,3716.261115,15308,0,0,138094.6876,98561.92,61498.42,0,32009.99,60169.06,85974.63,46300.15,0,20473.43,71343.29
4/23/2012,749619.55,35777.79157,25566.44322,4480.916671,3991.383595,1739.048085,22511.01049,0,4894.934173,14328,0,0,138094.6876,92324.17,56049.47,0,33150.86,51969.69,83819.08,46340.51,0,20282.08,70691.13
4/24/2012,773563.78,36288.5791,23741.01899,5642.229473,5237.91866,1667.411973,21480.19758,0,3963.137956,15546,0,0,138094.6876,93563.29,60439.13,0,31506.01,62148.92,84572.91,44426.75,0,21691.02,81604.96
4/25/2012,1211421.22,37198.43305,23310.95589,7258.266786,4895.769743,1733.440632,24913.77622,0,5112.316878,21772,0,0,138094.6876,107657.63,76232.21,0,56426.62,78714.32,97677.3,60892.85,0,34196.37,113829.45
4/26/2012,651823.31,37102.61629,25024.26379,4224.940508,6359.338732,1494.073265,21568.91509,0,4898.211299,18136,0,0,138094.6876,80190.64,51786.29,0,27785.52,63145.6,70967.06,39019.81,0,20196.3,73598.94
4/27/2012,540285.05,39547.15303,28168.40351,3502.160179,5780.695602,2095.893744,19298.16945,0,1372.023504,14185,0,0,138094.6876,72941.2,45657.86,0,24530.59,51108.41,59327.25,33599.58,0,15852.85,64470.15
4/28/2012,557935.64,38347.22875,27352.33684,3922.727374,5722.666585,1349.497949,18763.7521,0,2580.190698,15280,0,0,138094.6876,78840.97,47003.85,0,23028.65,54130.03,68399.64,33362.2,0,14943.21,65080.82
4/29/2012,838532.75,48231.80863,34662.70448,4824.208422,7057.905856,1686.989868,24281.13592,0,3249.816819,21630,0,0,138094.6876,118599.41,78930.39,0,36708.97,82238.21,101816.15,54835.42,0,24237.37,95834.49
4/30/2012,1049866.95,59645.8363,43107.14887,6718.59796,7915.958825,1904.130646,29986.51636,0,4740.909242,26209,0,0,138094.6876,132250.12,94960.84,0,44449.38,90718.24,115787.18,68159.99,0,27517.51,114402.11
5/1/2012,1250219.14,64373.70539,42554.01259,9399.415438,10535.84208,1884.435294,31879.15645,0,4999.802212,26742,0,0,135053.793,156156.88,114984.71,0,50026.61,96506.13,127486.94,76120.66,0,33126.78,117493.38
5/2/2012,1690069.88,62196.15608,37786.57247,10923.49093,11691.99565,1794.097037,32920.53096,0,6150.073509,25895,0,0,135053.793,193826.47,122200.31,0,71693.74,108970.77,157798.78,86575.5,0,49006.33,152168.28
5/3/2012,948790.82,58050.1359,34003.37867,11184.04957,11250.64357,1612.064093,27840.39769,0,6359.809586,23895,0,0,135053.793,115320.9,89776.8,0,38883.9,85145.78,100542.21,59871.79,0,26665.04,114453.46
5/4/2012,647505.42,47841.29725,27536.30284,9010.911639,9900.590593,1393.492172,22879.61059,0,4217.661424,23762,0,0,135053.793,83455.98,61620.46,0,26368.19,69524.05,75894.89,45323.34,0,18762.3,90297.46
5/5/2012,624286.92,44909.06526,26199.97446,8439.28607,8857.877483,1411.927246,20391.29584,0,3729.36962,16498,0,0,135053.793,81309.64,59409.53,0,25516.11,62357.02,73176.73,44013.36,0,18512.64,80701.17
5/6/2012,1137289.56,57672.02453,35192.91009,9852.537435,10831.46531,1795.111685,25352.08294,0,4206.73767,23153,0,0,135053.793,137644.86,110488.65,0,42907.56,94039.99,129155.59,83947.38,0,29719.42,127832.55
5/7/2012,1141512.58,69389.0025,43053.15751,11695.45664,12282.27029,2358.118058,32000.61493,0,3808.020649,23514,0,0,135053.793,144670.26,114874.02,0,46741.82,90609.49,130366.56,89391.38,0,33366.42,112932.87
5/8/2012,1160815.34,60138.77689,34505.91022,11757.84337,11501.45007,2373.573224,30746.95211,0,1490.000047,22667,0,0,135053.793,141913.08,121598.72,0,49928.48,92356.08,128497.37,91568.44,0,33606.48,114938.49
5/9/2012,718251.2,53271.71617,27905.34647,11733.47988,11590.52823,2042.36159,26732.48505,0,1346.89887,18440,0,0,135053.793,102863.95,83082.99,0,33411,68493.58,86504.94,58712.84,0,23406.68,84440.64
5/10/2012,706834.6,45823.01027,22451.79276,10980.75058,10689.55995,1700.906976,25121.83989,0,2725.476626,20468,0,0,135053.793,85960.86,65224.25,0,29402.33,68828.09,83205.69,45442.95,0,20831.48,87822.71
5/11/2012,539576.55,32776.1342,15431.80398,7125.80381,8678.814053,1539.712355,21828.73063,0,3840.791911,23267,0,0,135053.793,70985.26,49849.41,0,19377.26,70801.37,62007.68,36998.36,0,13649.32,87753.74
5/12/2012,473568.02,26526.59373,12014.27871,5574.673509,7456.641563,1480.999943,20890.85988,0,2304.912097,24495,0,0,135053.793,59736.68,41530.3,0,22693.59,76972.67,52357.8,29940.56,0,14911.97,98402.12
5/13/2012,653655.91,32679.81412,16190.61102,6570.850737,8289.455375,1628.896993,25700.61599,0,1842.837302,36129,0,0,135053.793,84675.61,60467.47,0,25377.78,129332.25,75361.51,41455.96,0,15738.38,174502.59
5/14/2012,971454.12,48042.04387,26884.24054,8021.827041,11122.17524,2013.801047,33150.774,0,4357.485476,45753,0,0,135053.793,106412.5,47166.9,0,35461.4,174591.84,94463.73,29648.1,0,24731.59,253324.61
5/15/2012,781045.66,43065.02516,24777.59125,6656.638725,9860.36682,1770.428365,26209.68547,0,4880.733293,27722,0,0,135053.793,97562.5,57028.78,0,33451.78,92692.58,81694.75,28535.47,0,22003.04,127571.87
5/16/2012,751801.89,36240.16311,18989.88842,6071.811594,9506.415616,1672.047479,23495.35232,0,4811.913643,22048,0,0,135053.793,95643.48,63826.24,0,29696.55,69860.74,78872.88,34947.89,0,19350.58,84117.63
5/17/2012,575789.28,30908.47788,15720.27107,5177.273066,8349.428182,1661.505561,21653.40795,0,4340.007469,19202,0,0,135053.793,67711.69,50679.45,0,26583.67,54761.41,61187.21,27072.09,0,16180.99,65545.89
5/18/2012,502155.32,25997.71229,12498.90924,5362.509998,6730.122787,1406.170266,20731.3796,0,3242.170191,20306,0,0,135053.793,63422.06,41947.49,0,18007.53,48242.21,54739.8,27030.04,0,14566.19,62579.3
5/19/2012,426875.59,22832.80956,10401.90463,4724.898482,6627.480405,1078.526046,16937.65014,0,2414.149637,15061,0,0,135053.793,51697.93,35046.98,0,18412.2,42488.9,45997.61,23819.74,0,12268.99,52877.39
5/20/2012,595857.79,30510.78869,14256.05043,6480.704622,8208.623322,1565.410313,22832.08336,0,3122.008897,21487,0,0,135053.793,74941.74,50985.64,0,25564.03,64086.84,68309.28,34978.06,0,17737.09,78387.79
5/21/2012,857407.11,38947.97067,18809.15886,7898.944036,10206.08292,2033.784856,28243.8511,0,4489.662899,25866,0,0,135053.793,98083.03,60066.25,0,34982.78,76171.88,87808.54,41188.84,0,22943.88,109360.18
5/22/2012,879572.19,36845.76422,17511.96451,7385.154883,9409.081327,2539.563501,25862.20858,0,4374.963482,20516,0,0,135053.793,101558.74,64349.11,0,31866.34,67315.71,91342.61,43910.13,0,23953.05,84035.91
5/23/2012,1040360.5,34921.24469,16261.04008,7729.055586,8213.910279,2717.238745,26317.41387,0,3387.456119,18850,0,0,135053.793,106478.74,66113.93,0,38407.63,68422.36,94157.09,44331.66,0,27444.02,92994.78
5/24/2012,611342.08,30274.03784,13728.64313,6957.666364,7904.369914,1683.358435,24303.3153,0,1966.275722,17460,0,0,135053.793,75941.91,53631.99,0,23634.31,51169.65,63166.66,34801.17,0,15299.79,66505.89
5/25/2012,497025.59,23069.5494,10233.7995,6337.82777,5130.694041,1367.228086,24468.07638,0,3318.636469,16251,0,0,135053.793,61065.03,49296.25,0,19868.91,49654.54,53943.48,30462.02,0,13526.22,59454.36
5/26/2012,417368.29,20208.6431,8487.573945,6159.159026,4467.555206,1094.35492,20207.52386,0,2754.970762,13833,0,0,135053.793,50552.1,36289.86,0,14338.25,41458.63,43171.62,26584.14,0,9630.6,51448.49
5/27/2012,554549.09,20127.97084,7737.151296,6341.907713,4756.363958,1292.547873,23228.14364,0,2265.586582,17003,0,0,135053.793,56349.49,39618.91,0,16890.27,49927.77,55692.55,30819.29,0,13952.42,66087.11
5/28/2012,732813.27,24974.24618,9532.434129,8267.015508,5358.312648,1816.483898,30000.24645,0,3380.901867,27884,0,0,135053.793,81795.8,58110.27,0,22723.37,73728.66,72505.63,43186.33,0,18857.18,96899.44
5/29/2012,826924.71,29059.53512,11509.42917,9097.896222,6593.40837,1858.801359,34663.19622,0,3254.186321,33082,0,0,135053.793,98371.22,54814.46,0,25424.62,84549.79,83609.1,42723.97,0,17992.11,121177.27
5/30/2012,1046156.65,29493.41061,11425.34995,9386.000159,6764.333235,1917.72726,26429.36691,0,3151.503033,17964,0,0,135053.793,114571.5,68146.79,0,39045.45,66981.97,94261.37,52946.98,0,26449.62,87146.8
5/31/2012,718402.81,25294.72325,10323.75305,6471.957035,6921.394667,1577.618498,28204.77315,0,2040.55725,18783,0,0,135053.793,94957.87,62808.98,0,22784.7,63692.85,75955.5,44079.47,0,17808.26,70573.54
6/1/2012,590750.51,22244.27552,8760.660548,5770.495317,6325.17082,1387.948835,23879.79483,0,479.5528012,16774,0,0,135319.8094,75820.26,55516.57,0,22293.49,52278.5,66900.2,38988.8,0,15426.89,62708.69
6/2/2012,532907.38,20563.75821,7727.239565,5840.935282,5600.286164,1395.297199,21948.0768,0,13.10850482,14023,0,0,135319.8094,68351.74,52576.94,0,20329.96,48029.37,59577.89,36510.08,0,13164.04,54251.64
6/3/2012,712794.52,26113.27861,10902.83408,7324.819184,6036.639717,1848.985635,24878.92291,0,2414.149637,18383,0,0,135319.8094,91877.94,68555.44,0,30253.74,63705.19,78690.33,44513.76,0,18895.05,73067.43
6/4/2012,943977.68,33212.76447,14288.84068,8387.430465,7797.198848,2739.294476,30333.99325,0,4482.016272,21496,0,0,135319.8094,118046.93,84455.23,0,35674.27,74438.19,103433.09,58307.47,0,24930.1,88520.38
6/5/2012,1076531.87,29088.373,12352.81726,7148.681851,6879.023629,2707.850259,32381.88897,0,5053.328606,25104,0,0,135319.8094,128162.68,95564.59,0,44056.48,84512.58,113168.8,62098.89,0,32866.62,101189.69
6/6/2012,1566565.98,26568.63379,12591.5013,6592.586208,4674.527787,2710.018492,35302.17348,0,7244.633662,27123,0,0,135319.8094,177493.15,114509.96,0,60199.47,104869.27,140002.48,78017.02,0,41229,131858.96
6/7/2012,890987.75,24110.85245,10193.04143,7508.849253,4471.101163,1937.86061,30235.7703,0,7950.308171,24343,0,0,135319.8094,103347.1,81378.77,0,38028.74,77423.02,92680.12,55998.25,0,25223.45,98422.59
6/8/2012,616764.95,20801.17102,7890.570449,7611.598514,3757.965373,1541.036687,26621.58817,0,4881.825668,20059,0,0,135319.8094,61247.61,58116.16,0,22595.83,55544.73,59256.6,42668.39,0,15765.4,67710.02
6/9/2012,561364.31,18526.84403,6869.774206,6767.110339,3018.875264,1871.084216,24286.41673,0,4624.025074,18945,0,0,135319.8094,62320.83,50412.06,0,24695.6,57117.97,60430.86,38876.68,0,16961.08,66137.07
6/10/2012,900806.67,24014.76837,9172.309363,8575.242232,4277.917449,1989.299323,31046.90177,0,5064.25236,24476,0,0,135319.8094,102251.46,77929.58,0,40664.13,77354.43,95526.18,60903.43,0,28716.81,95283.96
6/11/2012,1030199.97,33944.53846,15137.13111,10225.12681,6280.097742,2302.182795,36820.93265,0,5643.211323,27903,0,0,135319.8094,110726.85,100960.81,0,35975.18,88668.21,103471.14,76676.12,0,26500.38,103214.86
6/12/2012,1055806.66,34301.25637,15458.51684,10378.52461,6179.335034,2284.879884,36786.07935,0,4397.903366,30159,0,0,135319.8094,107243.81,96501.29,0,36173.31,90313.22,105955.62,69446.69,0,27454.54,108019.45
6/13/2012,722784.43,31256.50113,14231.87986,8996.257872,6088.922046,1939.441348,35005.3923,0,5302.390198,30017,0,0,135319.8094,90445.11,78775.21,0,33671.73,87607.68,74767.45,48509.09,0,22592.18,90806.28
6/14/2012,574579.36,27993.44114,13597.22664,7416.182543,5081.925387,1898.106567,32111.51181,0,6047.390222,25933,0,0,135319.8094,74232.45,56985.15,0,22370.65,72338.6,64419.44,38433.61,0,12943.23,81958.97
6/15/2012,494692.22,20923.40235,11064.52016,4704.551564,3665.288009,1489.042616,29651.7134,0,3589.545569,24505,0,0,135319.8094,60696.68,53067.69,0,21669.76,60994.33,51376.26,29570.83,0,12637.72,68553.73
6/16/2012,404485.4,17950.30467,9024.668506,4820.65163,2857.328091,1247.656443,23412.97178,0,2469.860782,19468,0,0,135319.8094,47835.97,39263.8,0,14328.01,56797.38,39845.4,26482.22,0,10585.71,65518.1
6/17/2012,747985.5,19389.28666,9089.127335,5598.491709,3096.620797,1605.046815,29233.47374,0,2769.171642,25047,0,0,135319.8094,64781.48,55434.58,0,23452.05,77547.68,62546.66,41505.47,0,19057.39,101255.53
6/18/2012,689669.26,22380.32778,11540.22185,5271.061119,3517.177346,2051.867472,37400.76491,0,4212.199547,36348,0,0,135319.8094,74587.51,59015.31,0,24777.61,103675.72,66792.52,39327.65,0,19787.43,125830.54
6/19/2012,743139.96,21949.48515,11768.91898,4534.05353,3661.314751,1985.197884,43556.06983,0,1176.488307,46201,0,0,135319.8094,71974.22,67764.75,0,29894.1,136382.05,62849.65,43320.12,0,18953.24,171154.4
6/20/2012,756427.78,19724.94145,10808.34121,4468.409364,2693.869161,1754.321723,33642.94492,0,3.277126204,24305,0,0,135319.8094,78803.22,68858.69,0,29548.29,76427.17,70150.65,43790.2,0,18467.12,93841.83
6/21/2012,509415.7,14867.30231,10082.82638,2841.061349,5.23E-07,1943.414575,29672.83661,0,1600.329963,20763,0,0,135319.8094,53929.47,46982.97,0,18271.71,63372.73,49645.85,33136.71,0,14686.6,71392.02
6/22/2012,493100,13147.56488,8638.408089,2772.202089,-7.16E-07,1736.954701,27749.56787,0,2647.917973,20382,0,0,135319.8094,46209.45,40251.52,0,19167.39,57867.3,43211.43,29072.86,0,13186.24,69308.67
6/23/2012,445478.75,12769.7529,7642.401923,3732.438238,1.17E-07,1394.912742,26313.18923,0,1775.110027,24400,0,0,135319.8094,40853.84,36766.36,0,15947.8,67775.34,39866.62,28224.32,0,12592.93,71162.59
6/24/2012,608277.41,15086.7392,8697.408844,4502.887154,5.23E-07,1886.443206,31930.90832,0,1363.284501,34900,0,0,135319.8094,57482.04,52941.14,0,23354.41,93383.1,51636.18,35201.78,0,15147.11,108033.59
6/25/2012,884799.54,17736.77449,10231.16142,5072.825399,-7.69E-07,2432.787671,41267.36946,0,1929.134959,55235,0,0,135319.8094,69158.4,60716.12,0,30817.03,138714.97,66848.18,46892.44,0,23164.64,173000.72
6/26/2012,929121.91,16411.11594,9757.927183,4567.858424,2.88E-07,2085.330333,42750.21917,0,487.199429,59177,0,0,135319.8094,81455.31,65319.89,0,39238.16,143078.03,72249.66,46371.69,0,26268.35,178085.38
6/27/2012,1021789.06,14800.23754,8627.791432,4284.048322,-1.17E-07,1888.397787,41456.42224,0,363.7610086,47876,0,0,135319.8094,78313.85,67559.88,0,35233.18,98698.22,71037.19,48952.04,0,26169.96,114727.48
6/28/2012,596103.72,14040.08472,8321.818521,3941.279856,4.59E-07,1776.986338,34107.65565,0,188.9809444,35910,0,0,135319.8094,59429.87,54288.57,0,24022.05,77497.91,51326.88,34392.97,0,15273.2,88340.1
6/29/2012,472717.89,11977.71787,7001.511117,3416.692252,4.38E-07,1559.514503,25370.03767,0,20.75513262,17193,0,0,135319.8094,48216.68,48259.51,0,18105.57,48345.23,41994.55,33264.05,0,12250.1,48590.62
6/30/2012,419514.25,11646.37836,6698.625078,3658.15321,-6.52E-07,1289.600068,22109.6694,0,68.81965028,15223,0,0,135319.8094,47127.89,43051.85,0,16912.26,47841.3,38854.59,30917.89,0,11583.43,43802.11
7/1/2012,499888.03,14488.34068,9195.687382,3865.34563,1.67E-07,1427.307673,14847.10127,0,1266.453196,10834,0,0,260431.5931,60740.76,55572.81,0,21908,52930.62,52208.61,36424.26,0,15842.26,49334.59
7/2/2012,620723.59,24385.79427,12070.59115,4054.525045,6592.52197,1668.156106,19772.8914,0,1917.771983,12043,0,0,260431.5931,65870,59622.48,0,23872.49,59595.87,59706.27,43277.58,0,15266.57,56977.46
7/3/2012,593820.64,20819.68596,10674.45799,4188.55645,4267.54896,1689.122569,25104.98019,0,504.6768376,19659,0,0,260431.5931,62556.31,55619.68,0,26461.24,73444.74,50590.38,39691.3,0,18422.42,66147.2
7/4/2012,568755.72,14991.65243,6963.236137,4348.506489,2227.126107,1452.783694,25138.45101,0,2081.5539,23604,0,0,260431.5931,53698.47,52027.98,0,23048.26,77799.69,43869.53,35785.17,0,14908.5,69274.5
7/5/2012,1471049.44,21601.49644,11903.47901,5342.91754,2343.925859,2011.174033,44774.66987,0,7790.115487,29816,0,0,260431.5931,95782.22,80843.39,0,55101.24,108820,91006.18,86438.3,0,47470.95,105139.91
7/6/2012,571458.12,19938.46534,10381.1936,5224.753235,2753.405764,1579.112741,16712.17017,0,2172.967063,11707,0,0,260431.5931,60027.64,53001.35,0,24543.75,62473.35,56609.06,37987.05,0,16427.38,60149.46
7/7/2012,526584.05,18631.65978,9265.022023,5078.892225,2794.335703,1493.409829,16803.2852,0,977.9304003,14080,0,0,260431.5931,58790.32,49361.71,0,20094.59,68646.11,52623.22,35985.45,0,15213.75,60159.2
7/8/2012,670448.3,21869.82537,11301.55427,6068.164825,2785.429102,1714.677174,18750.17167,0,717.0219975,15328,0,0,260431.5931,75559.48,69621.36,0,24053.1,87719.39,65103.23,45768.16,0,19119.69,79371.71
7/9/2012,748074.59,26209.93763,14740.12428,6481.156074,2924.163277,2064.493997,20969.47349,0,0.952220448,14891,0,0,260431.5931,79618.31,71506.14,0,28354.02,78788.11,73292.51,50600.34,0,20188.89,73877.42
7/10/2012,813724.18,23961.68098,13692.71725,5497.895999,2679.957994,2091.109737,20618.0298,0,0.952220448,13615,0,0,260431.5931,88104.1,72020.19,0,30942.03,76401.53,76060.47,48202.28,0,21598.82,74648.51
7/11/2012,924480.93,21304.99394,11452.76,5208.433852,2648.110136,1995.689953,21113.584,0,809.387381,13789,0,0,260431.5931,97083.17,77339.08,0,35038.73,78445.79,83003.64,53266.5,0,23402.94,77090.35
7/12/2012,581125.5,20854.33356,9858.1927,4493.306403,4895.976111,1606.858349,20049.02573,0,1108.384602,14415,0,0,260431.5931,61265.08,62260.98,0,22709.4,77114.66,54271.94,36968.71,0,15921.08,66074.62
7/13/2012,510826.99,19055.98855,7929.17467,3491.310395,5708.421002,1927.082484,20152.22745,0,205.6796168,14936,0,0,260431.5931,59412.39,50730.07,0,19065.92,79531.21,49804.05,32614.57,0,13030.16,68804.53
7/14/2012,537949.3,16890.17894,6839.45173,3458.239569,4403.835974,2188.651669,17703.27856,0,20.94884986,12020,0,0,260431.5931,60103.66,48311.9,0,20052.68,64110.92,52236.32,35600.21,0,15348.31,61515.25
7/15/2012,724932.45,20327.64514,9020.459675,4196.88814,5295.602292,1814.695036,25336.48674,0,2277.711312,15759,0,0,260431.5931,80377.91,67153.66,0,31792.75,83677.09,69487.53,50164.69,0,20596,84805.86
7/16/2012,749056.07,22828.21072,12335.64834,5049.721972,3564.214451,1878.625955,20460.90286,0,3785.076282,15205,0,0,260431.5931,78488.81,41312.77,0,28164.45,86822.89,72455.05,41764.36,0,19190.12,85453.44
7/17/2012,688206.16,21530.33204,12537.48197,4650.053504,2484.05633,1858.740243,19478.16217,0,3245.167288,15009,0,0,260431.5931,71860.86,26930.64,0,27985.53,89659.69,61642.03,34596.63,0,19158.47,84364.77
7/18/2012,1009303.08,20117.9259,12223.38866,4144.757037,1825.10492,1924.675279,19277.3372,0,2609.084028,14292,0,0,260431.5931,84298.66,58474.56,0,34860.82,85790.82,81367.32,52936.14,0,27156.29,106272
7/19/2012,653947.53,20708.50788,11969.4041,4132.554424,2690.009047,1916.540306,17564.74652,0,1485.463899,14315,0,0,260431.5931,67394.11,42386.01,0,26048.89,81306.64,61646.92,33600.4,0,18814.77,79138.04
7/20/2012,560082.06,18524.9294,9906.963571,4060.724337,2773.573646,1783.667842,16388.61883,0,182.8263261,13268,0,0,260431.5931,58486.33,41551.18,0,21110.68,75589.28,53674.7,28141.23,0,16330.12,68892.68
7/21/2012,505181.46,16898.68243,8401.911271,4109.632773,2678.827787,1708.310601,13850.41441,0,25.7099521,12227,0,0,260431.5931,52701.51,45914.05,0,21423.62,68145.31,47594.35,27940.92,0,14369.17,63140.28
7/22/2012,684428.72,20853.93859,10952.83775,4909.913204,2898.230748,2092.956888,17826.93467,0,1977.761871,15591,0,0,260431.5931,74614.66,62198.9,0,26116.41,92858.83,65812.6,40427.46,0,17889.52,79609.77
7/23/2012,912310.88,26204.78063,14778.63802,5353.204265,3368.114073,2704.82427,21780.21131,0,3254.689492,17415,0,0,260431.5931,79467.17,70680.05,0,33824.8,104955.16,76583.4,50973.26,0,25404.54,101753.03
7/24/2012,1056184.44,25713.24699,13520.9089,5741.810097,3772.211265,2678.31673,22701.58882,0,3254.689492,20235,0,0,260431.5931,101434.22,79181.82,0,33706.44,117263.94,92029.49,54174.9,0,26636.78,122605.85
7/25/2012,1453785.19,23938.1001,12334.28275,5369.80861,3556.281584,2677.727147,20666.37655,0,2161.540417,15585,0,0,260431.5931,110158.88,82266.22,0,47508.39,101109.58,108519.91,67561.4,0,36198.77,103682.23
7/26/2012,620025.76,21790.5381,10708.61935,5107.600734,3647.144552,2327.17346,19444.69134,0,1377.862989,20023,0,0,260431.5931,56834.7,59846.19,0,22297.2,99358.3,56406.16,38991.3,0,16155.34,86358.23
7/27/2012,502761.86,17379.60333,7940.984185,4202.891019,3113.87618,2121.851944,16967.8501,0,231.3895689,17180,0,0,260431.5931,53459.84,45829.85,0,22715.53,82572.57,42167.41,29351.64,0,14405.87,74126.75
7/28/2012,575137.97,16501.38914,7050.01003,4559.182609,2881.228823,2010.967675,15895.85387,0,99.03092662,16424,0,0,260431.5931,52447.46,41723.42,0,20929.3,80308.14,45549.79,28736.27,0,16211.46,78210.1
7/29/2012,805158.48,20007.13354,8908.671589,5446.030288,3307.11158,2345.320083,21496.63902,0,1645.436935,22563,0,0,260431.5931,76634.89,60659.53,0,27441.68,113201.24,66675.11,47542.92,0,19761.88,110759
7/30/2012,882968,25342.44776,12169.26296,6539.830353,3926.398183,2706.956271,24630.81013,0,3217.552895,25826,0,0,260431.5931,77080.25,64671.74,0,27046.9,122994.53,74120.13,47831.71,0,21054.09,122774.72
7/31/2012,955769.65,23961.26584,12054.24238,5810.446896,3639.478118,2457.09845,30418.47407,0,2720.493821,36352,0,0,260431.5931,77438.91,73770.28,0,32606.47,162119.99,68432.82,51455.91,0,19546.3,165406.06
8/1/2012,815868.86,24911.27406,13190.64369,5657.757827,3746.241226,2316.631314,22097.25443,0,2813.811425,27169,0,0,235100.2283,73153.87,63972.17,0,28740.42,124799.51,64938.9,43756.57,0,19482.9,136193.81
8/2/2012,583851.18,22703.27909,12174.66694,4812.046843,3525.43775,2191.127561,18332.71607,0,2989.019987,17012,0,0,235100.2283,54279.02,54136.94,0,21356.64,96871.69,51678.59,39270.6,0,14463.29,85915.96
8/3/2012,522629.39,19740.30589,10161.47861,4427.823271,3273.645568,1877.358445,16695.43475,0,2654.79061,17533,0,0,235100.2283,47785.89,46709.62,0,19642.64,92557.84,45094.46,33261.01,0,12162.55,79091.69
8/4/2012,484502.78,17860.87232,8583.495575,4477.232832,3217.120833,1583.023079,13716.5311,0,4257.377624,16458,0,0,235100.2283,47670.11,42657.37,0,16035.72,90049.03,40652.5,33404.82,0,12262.8,76544.28
8/5/2012,940549.21,22601.67134,10418.95073,6004.342098,3740.428917,2437.949596,19228.99045,0,2650.029507,23772,0,0,235100.2283,72188.21,65031.73,0,31110.26,122987.02,69012.14,56100.38,0,24107.51,115354.43
8/6/2012,958905.65,27460.2334,14550.37543,6185.769496,4064.115092,2659.973385,19319.17574,0,4504.00272,22759,0,0,235100.2283,76201.63,61247.36,0,33829.67,119712.81,73817.66,53609.13,0,23206.28,125062.94
8/7/2012,722408.25,24562.64231,13048.85984,5648.650022,3570.892193,2294.240254,16964.13112,0,3820.308438,18764,0,0,235100.2283,72532.25,55395.37,0,27320.85,104934.65,64902.29,45657.36,0,20326.37,100662.74
8/8/2012,888645.4,22935.46524,11499.84111,5372.677521,3899.201119,2163.745485,15239.45375,0,3702.233103,18036,0,0,235100.2283,75907.27,57587.71,0,34632.63,101286.6,70513.72,50395.52,0,24635.7,105878.36
8/9/2012,637053.5,24299.81424,12780.9242,5226.354637,3951.420366,2341.11504,21255.83501,0,3306.109396,25244,0,0,235100.2283,58771.16,54504.3,0,21764.97,118140.86,54519.28,42785.31,0,16981.43,114718.53
8/10/2012,611552.21,22460.08253,11633.28337,4661.381566,3673.597941,2491.819654,17415.05755,0,2692.879428,25216,0,0,235100.2283,54146.51,48256.26,0,21414.54,109928.92,49542.16,38439.56,0,16231.41,118681.72
8/11/2012,539854.47,19762.44445,9735.95086,4875.457124,3324.708771,1826.32769,13975.93001,0,2766.200402,22054,0,0,235100.2283,52386.19,41662.35,0,19796.11,104776.31,46804.59,33758.83,0,15695.35,99637.35
8/12/2012,699516.86,25975.95558,14727.89235,5465.119972,3715.491918,2067.451342,17208.65411,0,1498.794986,27314,0,0,235100.2283,64456.15,54006.54,0,25862.77,138338.01,61648.59,47986.19,0,17773.76,127493.07
8/13/2012,900159.87,30912.25239,18910.82876,5096.635916,4331.715874,2573.071847,18194.18403,0,862.7117261,28758,0,0,235100.2283,66803.9,53198.58,0,29780.13,143329,67517.94,54105.02,0,22582.91,156418.81
8/14/2012,881312.27,30602.07713,18627.52697,5375.988375,4258.330999,2340.230782,18508.43791,0,2586.230737,32452,0,0,235100.2283,73567.07,58270.81,0,28142.1,166936.15,68423.14,56788.75,0,23638.71,182651.02
8/15/2012,731173.03,27180.66963,15487.16326,5099.082395,4319.597741,2274.826236,18164.43219,0,3695.56756,29911,0,0,235100.2283,68448.53,51937.16,0,27645.64,127319.25,60531.76,46200.64,0,19111.26,132596.05
8/16/2012,689593.78,24402.37731,13658.13401,4711.88162,3981.887938,2050.473737,15282.22203,0,3543.212288,22916,0,0,235100.2283,61416.04,47668.07,0,24853.68,106866.68,60368.97,38665.44,0,16325.08,106469.25
8/17/2012,555038.07,22251.04197,11969.66939,4845.559661,3562.25674,1873.556178,12307.9671,0,2770.961504,19928,0,0,235100.2283,49508.84,38226,0,19258.78,98589.65,47954.32,33888.53,0,13559.47,91723.58
8/18/2012,538985.4,21051.95728,10583.63645,5114.428901,3704.049512,1649.842418,10150.95821,0,2932.838981,18176,0,0,235100.2283,55798.26,34237.89,0,22109.74,91393.46,49534.97,30751.77,0,14973.76,88118.03
8/19/2012,762900.71,25201.29676,13375.98104,5912.420231,3850.209326,2062.686159,13309.30269,0,3604.154397,24729,0,0,235100.2283,81665.18,48812.09,0,29473.63,126039.3,69531.97,44386.97,0,19882.06,113924.07
8/20/2012,837879.36,31975.13963,18217.72921,6606.94469,4307.53232,2842.933405,14065.18555,0,3862.206138,24265,0,0,235100.2283,84772,50622.95,0,30579.19,124433.11,72491.89,50265.41,0,24187.84,119438.92
8/21/2012,954767.02,32030.38151,18202.13656,6221.807085,4386.374221,3220.063643,13241.43129,0,3857.445036,24455,0,0,235100.2283,85399.24,50219.64,0,29212.31,127289.25,77597.58,52628.45,0,24580.16,123723.33
8/22/2012,1089975.02,30696.75695,17393.62343,5694.10012,4163.1634,3445.869998,13175.41938,0,3791.741825,24774,0,0,235100.2283,114405.56,53469.57,0,35618.81,134151.67,95366.53,48978.66,0,28843.69,137296.56
8/23/2012,631505.04,29038.68345,16377.09584,5495.430181,3903.031218,3263.12622,11469.33692,0,3347.054876,21976,0,0,235100.2283,65305.92,39870.19,0,20390.24,103377.09,55880.05,35070.8,0,15729.63,98119.07
8/24/2012,600275.23,25567.85358,14157.6823,4622.170289,3879.476313,2908.524682,12977.38365,0,2604.322926,23862,0,0,235100.2283,60424.88,32282.83,0,17322.93,104784.02,51105.06,31286.1,0,14746.19,104860.55
8/25/2012,551299.28,26100.4308,15357.36617,4435.231078,3619.770624,2688.06292,12883.47939,0,2191.059251,23476,0,0,235100.2283,60535.93,25873.25,0,18054.82,109854.01,49677.7,28127.77,0,13819.65,101609.04
8/26/2012,759605.66,30928.11829,18405.04153,5317.264686,3965.715519,3240.096548,14981.91433,0,2777.627047,30846,0,0,235100.2283,86050.35,39920.17,0,24896.13,144137.37,71029.45,38325.14,0,19210.24,130483.64
8/27/2012,885578.48,36941.47736,22881.90078,5763.739318,4653.144284,3642.692981,12586.89067,0,3696.51978,34595,0,0,235100.2283,86874.52,37154.84,0,28681.21,148890.54,75507.32,38749.79,0,19212.07,147568.54
8/28/2012,1067540.87,34952.78705,21984.75607,5208.227468,4487.854459,3271.949058,13247.93951,0,3407.996984,41652,0,0,235100.2283,85410.69,34016.37,0,29064.7,158324.76,74920.22,37974.36,0,24026.39,188970.79
8/29/2012,942361.91,30841.03493,18829.75367,4407.623197,4543.898184,3059.759869,12703.10882,0,3559.400035,30107,0,0,235100.2283,77212.04,35723.2,0,30405.08,131368.8,67708.73,34602.67,0,22288.66,152138.58
8/30/2012,715243.42,26080.96344,14453.7962,4746.278923,3899.167864,2981.720457,10898.47336,0,3088.050914,29475,0,0,235100.2283,71493.27,27769.07,0,22057.15,119869.15,58383.22,25933.67,0,15190.23,129932.48
8/31/2012,679214.97,21872.31135,11328.40568,4343.819922,3519.990809,2680.094936,9870.175159,0,1613.061439,30073,0,0,235100.2283,77904.07,26839.77,0,25024.65,120878.54,54239.43,26886.92,0,17208.57,120797.67
9/1/2012,573859.77,20841.59628,10060.50771,4310.120363,3694.009221,2776.958987,8010.684737,0,1755.894507,21371,0,0,461529.4886,67573.11,25762.33,0,21137.16,100033.47,50752.77,22814.07,0,14474.51,90692.54
9/2/2012,685463.18,23683.32269,11423.53076,5328.042678,3841.541857,3090.207391,8114.816201,0,2330.083437,22558,0,0,461529.4886,85942.76,29098.81,0,22375.54,109863.1,66601.86,27010.26,0,17599.32,101238.59
9/3/2012,1320035.8,28487.84283,14205.23514,6021.92869,4652.628743,3608.050251,10413.14636,0,4234.524333,33470,0,0,461529.4886,144407.91,49270.64,0,44200.62,177142.26,125923.96,48675.85,0,32502.65,168932.36
9/4/2012,2089593.77,32271.49904,16816.64417,6026.998471,4871.945627,4555.910775,13610.54014,0,6059.930933,36111,0,0,461529.4886,152330.17,56084.16,0,76920.96,169894.59,130256.4,74508.74,0,62623.9,195467.14
9/5/2012,1532841.74,30190.6802,15822.51785,5741.888591,4717.098917,3909.17484,9416.459496,0,10263.98421,29469,0,0,461529.4886,158521.77,51215.92,0,59929.85,172723.06,122605.12,51670.82,0,42316.5,176756.28
9/6/2012,776148.53,28446.04215,16732.54253,5357.753138,2592.924097,3762.822391,7841.471109,0,4982.017385,25076,0,0,461529.4886,76066.83,28215.36,0,28133.24,103467,65036.93,30103.77,0,21225.69,98177.59
9/7/2012,649436.24,25572.06832,15387.42063,4626.955017,2126.14735,3431.54532,6789.929275,0,3871.728342,24567,0,0,461529.4886,64677.99,20986.6,0,24092.85,95196.43,53003.4,22907.49,0,18113.52,89720.82
9/8/2012,699173.41,25784.877,15431.75082,5233.713445,1786.234738,3333.178001,6650.467494,0,2857.613565,24679,0,0,461529.4886,69641.34,22296.09,0,23927.82,102835.84,57496.5,24208.47,0,19660.45,92447.72
9/9/2012,1009197.19,29860.89417,18005.82484,6162.965554,1845.209414,3846.894362,6947.056216,0,2823.333629,32541,0,0,461529.4886,99929.06,28476.44,0,32823.8,139125.76,81699.16,30673.42,0,23657.44,135042.04
9/10/2012,1072942.57,32269.74664,21047.86064,5354.265463,1491.987497,4375.633042,6254.396034,0,3591.775531,29833,0,0,461529.4886,96574.63,25358.78,0,34961.41,126624.18,81354.38,29980.44,0,27029.54,131704.38
9/11/2012,1160445.11,28269.91497,18030.17087,5204.828117,1080.55628,3954.359695,6130.739921,0,3548.925611,29239,0,0,461529.4886,94132.33,29316.76,0,34665.49,127060.48,78199.64,35195.97,0,29260.14,125042.44
9/12/2012,1480792.36,26183.97016,15198.57534,5689.364527,1011.474393,4284.555901,6870.817109,0,4931.549701,32200,0,0,461529.4886,111789.15,26058.24,0,47982.48,144476.73,90354.87,29874.92,0,39094.14,162017.9
9/13/2012,1362321.13,23665.44805,13059.91297,5489.829946,1138.031015,3977.674114,6170.718965,0,5457.175389,32049,0,0,461529.4886,100195.84,29362.06,0,39970.23,142937.11,80381.12,29449.9,0,30384.69,160983.34
9/14/2012,596160.75,21234.1052,11947.9858,4945.391024,1218.079125,3122.649259,5358.121651,0,3188.986281,19597,0,0,461529.4886,60476.83,15532.61,0,19370.6,96435.16,51483.97,13463.97,0,13340.14,110115.59
9/15/2012,542960.61,20524.6969,11143.87388,5475.485561,1076.728833,2828.608628,4788.187836,0,1649.245816,20045,0,0,461529.4886,61682.64,17899.68,0,18577.82,94856.84,46082.19,13490.86,0,13576.2,97489.48
9/16/2012,747294.35,25812.55926,13970.1932,6912.313554,1377.522919,3552.529583,5962.456038,0,1992.997398,25014,0,0,461529.4886,91448.47,23672.65,0,23780.31,125891.92,70716.48,19309.05,0,16867.86,130997.94
9/17/2012,805349.91,29327.26397,16959.80306,6707.669929,1795.152696,3864.638277,7269.677804,0,1897.775353,24908,0,0,461529.4886,90411.57,28271.97,0,25677.32,123013.89,71776.17,19351.45,0,17250.93,133745.23
9/18/2012,1108258.14,28054.98484,16402.79798,6122.428153,1913.946875,3615.811825,8227.315372,0,2395.786648,25955,0,0,461529.4886,102018.88,33776.03,0,36595.81,131106.62,85701.8,26379.72,0,24407.7,154231.13
9/19/2012,685645.77,25839.55913,13439.41115,4840.421363,2279.560794,5280.16583,6535.179088,0,2497.674236,20381,0,0,461529.4886,68024.17,24458.1,0,19686.79,98915,61426.52,15965.08,0,14905.38,110906.54
9/20/2012,582517.67,23805.07562,10803.11551,4210.839608,2130.099317,6661.021188,6953.564433,0,1482.607238,20935,0,0,461529.4886,60121.02,22125.77,0,18322.07,95943.53,50154.25,15742.26,0,13319.3,104098.21
9/21/2012,794594.65,32707.00334,9572.395005,3816.702361,2055.111748,17262.79422,8783.303008,0,2768.104843,34908,0,0,461529.4886,63354.42,18463.43,0,24972.06,109164.96,58107.42,18263.47,0,18459.83,122891.4
9/22/2012,672623.05,17643.14918,8918.958398,4123.652919,1960.872533,2639.665333,6783.421059,0,2210.10366,29239,0,0,461529.4886,68444.69,17690.29,0,18978.2,113096.15,54302.79,14540.04,0,14601.24,130268.21
9/23/2012,859306.32,21903.53686,11524.18718,5177.387192,1981.545262,3220.417232,7716.885251,0,2091.076104,42519,0,0,461529.4886,95351.11,32637.98,0,23081.33,173640.16,78369.92,22652.99,0,17081.62,189274.99
9/24/2012,1027150.5,25679.9469,13771.0613,5713.455309,2664.04396,3531.386339,7401.701624,0,2390.073325,51148,0,0,461529.4886,96442.34,35599.23,0,32360.35,198774.09,75274.53,24554.67,0,20957.99,243620.86
9/25/2012,1158287.75,25708.01328,13693.22832,6267.660128,2437.841095,3309.283742,7854.487542,0,2595.752942,69112,0,0,461529.4886,104951.82,35237.58,0,37202.9,247403.05,84382.38,25458.82,0,23585.09,292961.6
9/26/2012,933942.89,24671.19215,13270.00942,5934.044686,2422.331646,3044.806402,10501.47216,0,2971.880019,82682,0,0,461529.4886,83833.52,34072.62,0,27713.9,273444.7,64910.01,21664.47,0,18438.42,316408.14
9/27/2012,737230.16,22363.52985,12135.73035,5081.436856,2355.766633,2790.596007,8876.277529,0,836.0495535,53297,0,0,461529.4886,77656.89,27372.11,0,29036.02,171814.6,57188.52,18254.29,0,16425.2,226309.67
9/28/2012,528276.23,18536.3639,9972.358389,4190.875211,2032.329611,2340.800684,5075.479106,0,1485.463899,11892,0,0,461529.4886,64288.17,20653.52,0,20889.41,71509.91,52111.94,14064.34,0,13778.62,70092.19
9/29/2012,626421.23,19006.40268,9895.890967,4952.798918,1950.413344,2207.299447,7657.381557,0,1933.00751,12082,0,0,461529.4886,67338.22,22244.47,0,20592.31,78606.01,55954.76,16395.81,0,14284.3,77858.11
9/30/2012,956456.65,23110.44179,12886.84667,5202.54871,2187.594018,2833.45239,7147.881182,0,1875.874283,17029,0,0,461529.4886,110530.25,37105.54,0,34774.44,112626.91,87648.7,23768.03,0,19533.73,112626.04
10/1/2012,757705.66,11397.4564,6441.995452,1862.743096,1306.509488,1786.208361,22132.28128,4024.322616,3699.196231,15807,0,0,114988.4936,64886.83,35368,2085.72,37277.14,87009.51,68468.36,21448.1318,1264.8382,21958.77,81965.83
10/2/2012,674453.68,27227.55174,15403.35714,6105.595978,2659.416878,3059.18174,21868.87355,4410.665527,2662.706466,17966,0,0,114988.4936,73720.47,36407.69,4180.54,21784,78351.56,67039.77,22428.33931,2575.350691,18547.14,66235.43
10/3/2012,585662.36,24853.91905,13864.59784,5636.786235,2618.271926,2734.263049,22524.37675,4410.665527,2388.341528,14771,0,0,114988.4936,71028.66,36871.31,3101.89,23692.54,66036.59,59885.91,19134.41969,1609.730305,15176.3,62141.25
10/4/2012,542133.05,22051.31874,12373.68164,4518.209493,2541.710941,2617.716671,21500.90703,2187.050778,1884.813539,13232,0,0,114988.4936,75102.05,37063.68,1916.4,17994.98,63996.89,61917.07,18849.33379,974.6162086,13206.25,57079
10/5/2012,586509.09,18590.5324,10094.10358,3723.817306,2365.941216,2406.670293,21736.16431,2187.050778,1979.422138,14997,0,0,114988.4936,63606.03,43219.69,1690.57,18477.71,64744.17,57451.88,20580.86434,805.0356636,12031.03,57936.53
10/6/2012,611111.81,17442.53531,9007.546054,3845.631864,2237.225684,2352.13171,20474.4212,0,1368.671069,13859,0,0,114988.4936,75238.83,40199.32,920.72,21357.26,64818.29,64638.52,19794.03011,453.3598927,14185.99,57738.02
10/7/2012,1037773.08,21354.68565,11589.08134,3970.351397,2696.351111,3098.901797,22917.47759,0,681.1819147,19709,0,0,114988.4936,117766.31,63781.58,793.73,32805.9,104110.43,102965.06,35481.70782,441.552184,21789.86,88294.11
10/8/2012,845328.69,25873.72148,15036.33607,4200.589299,2989.412946,3647.383164,23198.98203,1857.353448,6.307239951,18141,0,0,114988.4936,95758.96,63265.15,489.11,25651.76,92039.77,84319.81,31366.03565,242.4943542,18319.07,79292.16
10/9/2012,1001955.35,24793.13978,14497.43526,3702.957036,2645.176533,3947.570952,28319.34673,1857.353448,1943.681112,28170,0,0,114988.4936,92714.18,62812.78,1977.43,31059.7,89749.94,84538.56,34941.23342,1099.99658,21737.53,80916.18
10/10/2012,1085518.41,26817.35087,16416.78807,3808.073144,3349.033117,3243.456546,29262.38661,3392.067704,6527.99335,29199,0,0,114988.4936,107296.63,62282.72,5659.24,41794.42,92614.31,90437.97,36876.23765,3350.712351,28064.81,92881.2
10/11/2012,1089461.89,26468.54898,16728.80838,3173.999088,3813.453094,2752.288421,24765.35317,3392.067704,5473.633071,17703,0,0,114988.4936,105852.41,71197.77,3561.2,36420.23,82552.67,89856.87,34297.9602,1715.529796,24535.66,82764.47
10/12/2012,610696.27,29561.04842,20113.45193,2848.366714,3853.586449,2745.643327,22794.82209,1990.224931,3162.029629,12320,0,0,114988.4936,70792.18,51157,3666.77,21896.2,60726.76,60016.02,26386.06157,1891.268428,15695.46,54894.38
10/13/2012,569681.62,27363.26873,17962.4436,2976.645113,3893.493766,2530.68625,22318.27528,1990.224931,2131.847104,11984,0,0,114988.4936,74101.76,47738.36,4621.13,20588.53,59261.46,62126.77,25622.68375,2480.306248,14714.8,54351.88
10/14/2012,911743.36,32729.20535,22053.98673,3336.900882,4076.413593,3261.904146,25469.11427,2265.432221,2694.242666,18272,0,0,114988.4936,114624.59,72356.65,4345.1,29903.76,97458.27,93790.52,38604.25983,2318.230175,22500.66,78180.66
10/15/2012,818583.08,37703.12247,26548.65185,3210.723377,4781.54045,3162.206795,25415.8295,2265.432221,775.790514,16915,0,0,114988.4936,101633.89,62329.68,4618.37,25665.4,83275.49,81858.48,33292.61567,2466.844326,17616.28,71931.93
10/16/2012,837343.91,25798.74015,15320.23772,3101.927815,4446.87775,2929.696867,24781.43914,2367.544653,1312.957117,14618,0,0,114988.4936,102447.45,59131.89,4352.97,25730.25,81187.19,90401.78,31242.0027,2299.867305,17952.7,69567.09
10/17/2012,861105.05,22426.81541,13109.40348,2856.982259,4024.685596,2435.744077,24948.33106,2367.544653,2021.470404,14450,0,0,114988.4936,98128.61,66403.34,5790,24548.5,84736.51,80600.75,30466.86013,2656.539869,17522.39,71968.05
10/18/2012,1394610.96,22826.21427,12835.43409,3028.167694,4439.335411,2523.277074,28789.8613,2189.196293,2451.413928,18710,0,0,114988.4936,139908.25,81265.88,10398.19,41696.97,122075.12,106546.96,40580.98303,5192.446965,26761.96,99012.01
10/19/2012,599304.37,24012.9828,15425.46436,2497.591202,3945.172397,2144.754837,29631.3585,2189.196293,2208.58519,11824,0,0,114988.4936,65430.54,49117.37,6104.07,18933.95,64717.85,63586.54,26229.37029,3259.659715,11446.78,59183.48
10/20/2012,544932.48,22099.81067,13679.40818,2496.274203,3725.12648,2199.001804,24276.74189,2563.087202,1470.638115,11167,0,0,114988.4936,77120.52,43983.59,5672.5,19092.92,61266.14,60159.72,25346.68472,3268.925276,12218.62,51289.43
10/21/2012,985832.53,27902.99881,17575.60757,2967.52695,4383.842337,2976.021954,32088.49012,2563.087202,2762.571099,28542,0,0,114988.4936,107865.53,68164.19,8869.54,29334.07,103143.88,95501.64,40889.54327,5320.556727,19550.04,90685.96
10/22/2012,991076.14,35293.66051,23289.12984,3677.954839,5108.604108,3217.971731,33694.07081,2620.224045,3744.398118,27113,0,0,114988.4936,97590.94,69873.69,8947.6,31191.48,94846.16,86022.36,45591.51742,5838.172583,21413.18,84622.01
10/23/2012,847356.82,32819.42567,20937.33958,4339.413756,4815.707845,2726.964491,27576.37609,2620.224045,3251.382195,15194,0,0,114988.4936,94177.93,61332.33,9399.6,27909.56,83520.09,79856.11,32609.51785,4997.632146,18595.63,82679.69
10/24/2012,912423.14,32358.4069,20263.67644,4218.594499,4727.732205,3148.403749,26387.01982,1677.260604,2183.35623,16266,0,0,114988.4936,109710.88,66152.05,6956.91,32676.8,100477.2,85744.5,36570.33439,3845.935613,19171.37,106178.74
10/25/2012,644093.44,28342.32526,16645.30685,3907.619643,4960.806737,2828.592029,25542.5065,1677.260604,2413.570488,15435,0,0,114988.4936,78148.47,54305.01,6406.88,22838.15,88896.41,65771.14,25871.12645,3052.26355,11906.98,92264.57
10/26/2012,575760.4,22757.4073,12479.41086,3572.718128,4266.749531,2438.528775,22991.87519,1663.836103,2013.060751,14486,0,0,114988.4936,66901.75,55805.37,5382.5,21984.09,77512.25,57926.78,26662.2879,2571.612098,10278.91,83981.73
10/27/2012,594301.49,23227.87717,13275.16998,3835.78976,3679.162724,2437.7547,21047.48381,1663.836103,1636.728767,12327,0,0,114988.4936,81357.16,53604.97,6322.39,23415.02,73349.58,70025.18,29970.76506,3534.874943,13217.79,70205.23
10/28/2012,910259.22,28353.83564,16357.68511,4569.259515,4664.901257,2761.989759,23639.33541,2854.405899,1974.166105,20511,0,0,114988.4936,108868.1,77393.57,9572.34,31950.51,121699.19,91932.32,44161.80492,5462.105078,18941.37,109208.99
10/29/2012,1017680.62,31592.19266,18268.79458,5069.435266,5264.328906,2989.63391,24252.61294,2854.405899,2576.50752,19745,0,0,114988.4936,115337.04,77925.93,9680.66,37153.55,120236.58,99245.59,45697.86957,5677.000429,22368.57,111779.84
10/30/2012,998201.48,30129.13469,17743.69643,4268.096414,5152.891073,2964.450766,22823.9779,2861.173291,2540.766494,18877,0,0,114988.4936,127759.85,79339.7,8966.8,38570.89,112796.1,100165.1,40992.05704,4632.832959,26684.32,119361.11
10/31/2012,1087819.33,24599.85756,14621.15954,3546.067199,3661.110635,2771.520185,26098.47777,2861.173291,3830.597064,26587,0,0,114988.4936,110733.71,80757.46,12788.14,44904.73,123128.11,89386.75,44554.66116,7055.338844,26122.09,127716.42
11/1/2012,1380031.93,30745.179,18565.33254,4309.404867,3953.110637,3917.330953,29175.92453,15792.0159,5634.46769,33531,0,0,7284637.148,135706.49,107862.55,23165.24,51428.73,142629.54,110263.4,67454.65402,14486.98598,37773.01,130094.91
11/2/2012,2020550.83,30577.6384,18626.35558,4476.880911,3489.081156,3985.320753,37513.48284,15792.0159,7695.883947,51110,0,0,7284637.148,171945.09,114007.55,37330.63,75320.39,182739.9,137688.29,78717.50249,25775.25751,52951.82,176629.3
11/3/2012,1028337.26,34981.49949,22923.88773,4852.135723,3778.951254,3426.52478,19658.05832,7808.808846,6892.76206,18943,0,0,7284637.148,138105.57,87395.22,22368.48,37407.55,107214.03,110931.99,47736.75574,12218.04426,22691.25,110137.54
11/4/2012,1912767.53,50214.66437,34090.68518,6716.809237,4598.856049,4808.313909,24721.11676,7808.808846,4059.760115,28914,0,0,7284637.148,236286.73,150966.9,29712.2,65758.69,189011.51,188689.77,83209.3374,16376.6526,42867.71,188313.18
11/5/2012,1055365.36,59439.73218,43301.24536,6269.402726,4979.470056,4889.614041,21043.46231,5927.684306,4032.428742,19891,0,0,7284637.148,144618.21,84611.62,16401.7,34606.97,116584.54,115696.88,49811.89811,9655.88189,22229.65,124390.97
11/6/2012,959528.55,53254.81618,38393.15399,5981.288418,4664.121523,4216.252244,21394.33749,5927.684306,2781.492819,18060,6885,883400,7284637.148,138484.84,80003.97,14979.25,32460.17,102787.59,104798.62,44833.60445,8394.255553,21164.05,114115.17
11/7/2012,1447655.39,51480.66262,35735.24461,6296.22434,5000.934268,4448.259393,24884.99256,7852.471059,2928.661751,21481,77804.75,7152100,7284637.148,174125.88,96787.54,14598.85,44719.09,131981.7,139450,67016.41701,10108.35299,29312.25,154869.45
11/8/2012,1216157.39,52777.70326,36263.89134,6020.948349,5666.785619,4826.077947,26403.10579,7852.471059,3843.211544,20453,29027.5,3743300,7284637.148,160084.68,86731.45,24208.95,36645.95,122925.24,131561.53,52688.90009,14706.80991,23900.73,132058.91
11/9/2012,1077106.77,43840.4777,28125.02974,6341.061513,5169.745657,4204.640793,25062.94358,6054.61051,2933.917784,19096,60766.5,7023900,7284637.148,174527.12,90691.14,20808.74,35459.84,114375.69,126509.49,49746.52701,11414.15299,21712.44,122821.67
11/10/2012,1374292.29,49199.464,31939.08389,6315.868143,6203.674961,4740.83701,25208.72266,6054.61051,2950.737091,22590,66954.5,7592400,7284637.148,212033.05,109373.9,31638.1,46593.48,138829.34,159674.48,65905.89565,19064.30435,29160.13,148143.61
11/11/2012,2190891.08,64180.50832,43100.6143,7403.511096,7345.726559,6330.656359,29333.76809,5406.665273,3839.006717,32408,62581.25,6997300,7284637.148,337798.97,184551.6,37619.29,73300.02,218731.51,248202.46,112995.9972,23033.28277,44637.5,235416.87
11/12/2012,2777959.31,68624.92774,45409.57686,8172.850749,8562.744806,6479.755321,35504.74758,5406.665273,5451.557731,41095,10977.75,1439400,7284637.148,402306.97,225871.2,30929.08,92299.86,276111.42,298407.21,136577.1029,18701.82715,52527.42,300632.5
11/13/2012,3245796.97,63453.19316,41514.12176,6782.798022,8359.340156,6796.933223,36317.08897,3210.741691,6022.362947,45282,53333.25,4553100,7284637.148,482917.67,262768.77,31326.95,104544.84,327321.89,310937.94,142678.4512,17009.93884,54725.57,380228.06
11/14/2012,5648720.59,67655.81333,45378.34199,6530.312725,8810.647397,6936.511214,49471.38933,3210.741691,9365.200121,44983,31641.25,3154600,7284637.148,741669.98,422226.22,38324.8,184106.6,397744.65,463941.28,223217.0176,20261.05237,90917.28,413399.87
11/15/2012,1632249.58,69698.1967,48645.394,6605.409664,8346.803655,6100.589382,31164.55233,6332.44455,9747.839345,21058,23732,2705000,7284637.148,242070.77,137422.42,13586.52,48896.91,137426.07,159921.81,78132.71555,7724.734453,31154.23,139326.29
11/16/2012,1508284.72,58835.18396,38779.03493,5249.909856,8008.733295,6797.50588,30417.56019,6332.44455,3548.873679,20344,42257.75,5289800,7284637.148,222634.52,127402.42,14482.98,49195.81,138330.22,148600.51,71073.86404,8079.605956,23457.45,139773.99
11/17/2012,1949182.95,67062.64881,45647.79813,6686.197092,8573.253881,6155.399707,30891.09087,3964.909924,3513.132653,24180,44635.2,6384500,7284637.148,308938.74,172566.65,20937.98,70819.25,175213.6,196540.48,97299.05195,11805.55805,33808.77,186395.16
11/18/2012,4331892.35,106570.1494,78183.01425,7629.466888,11844.53151,8913.136769,39717.26046,3964.909924,6640.472462,43123,58772.4,5813000,7284637.148,623375.89,298853.44,36285.85,130455.12,344021.6,408258.63,186459.8127,22639.36729,69666.81,360376.13
11/19/2012,3760406.43,111778.9005,79780.03374,8311.484512,15016.10456,8671.277663,38470.59794,4535.656758,8568.385474,35070,27144.75,3047000,7284637.148,544814,274553.28,25099.55,130653.88,306262.29,328234.57,161296.6733,14745.67674,56368.16,334216.64
11/20/2012,2248671.3,72969.66558,46413.74963,8169.030686,11173.21781,7213.667457,38709.87671,4535.656758,7667.501367,32218,37901.5,3589800,7284637.148,336151.1,175864.84,18365.21,80400.32,206384.41,230240.13,104990.7845,10963.97554,42682.68,218408.5
11/21/2012,2008629.2,59846.4077,40261.54759,5886.225812,6816.148943,6882.485352,39202.50949,4241.601027,7893.510799,34013,28147.75,3978800,7284637.148,310037.09,161206.93,15097.69,84702.42,195972.76,203010.53,92735.0887,8685.021303,41546.41,229670.62
11/22/2012,2058642.61,57212.71409,39792.22369,5436.989564,5735.953855,6247.546974,33832.81228,4241.601027,6887.506027,27579,37973.75,4705500,7284637.148,296979.3,151817.57,17781.5,75366.8,176375.14,200419.97,91024.26288,10661.13712,42316.52,200694.89
11/23/2012,4697371,135757.5546,102037.3255,10572.57446,13132.03608,10015.61858,45586.62805,7479.703035,10277.6475,53073,25325.75,3663500,7284637.148,636293.85,305995.63,35391.99,171658.28,356007.97,443643.58,194853.1892,22537.06082,90291.96,437207.72
11/24/2012,4107510.47,145740.0177,107165.1469,11740.77386,16433.23046,10400.86646,43004.83018,7479.703035,12670.19386,51052,60131.55,6134000,7284637.148,707474.85,328627.78,49561.65,148715.82,377122.97,469224.49,200556.5732,30246.72681,77820.17,407499.6
11/25/2012,6925945.64,229174.2775,179380.9598,12609.20726,18667.47527,18516.63517,54275.06154,8522.843935,14350.0221,72329,67713.55,7034600,7284637.148,1109026.55,471445.93,81719.33,230613.11,575090.15,734709.24,288906.454,50078.36604,120014.22,650690.28
11/26/2012,7893757.04,190851.4067,137963.6925,12905.42416,24929.05495,15053.23517,60498.32042,8522.833909,18124.90521,76385,37275.05,4453700,7284637.148,1161686.46,534160.8,88244.02,282808.51,595131.26,797759.12,330098.2962,54532.64382,140136.24,712373.8
11/27/2012,5194229.6,129776.2855,89010.84167,10010.53147,17287.5961,13467.31622,55677.55688,5222.421762,12010.03607,60257,46066.6,4146100,7284637.148,895787.71,446551.14,66993.89,187512.21,456713.7,572700.95,236915.3981,35543.2619,90969.09,518078.53
11/28/2012,8514771.61,141386.4014,99116.51531,10620.59888,18058.61802,13590.6692,67814.41976,5222.421762,3.153619976,80309,50938.8,6434400,7284637.148,1177489.79,641715.44,65045.73,307957.53,656969.85,778029.79,325593.3961,33002.88386,147087.7,809895.89
11/29/2012,3500644.11,132899.9129,97099.04459,10087.38766,12222.63998,13490.84067,59427.59818,19461.40633,3748.602944,52350,37860.7,5031300,7284637.148,620459.99,310902.27,49068.55,122315.02,327348.12,420223.67,165944.6522,26190.42782,65129.69,360845.04
11/30/2012,3701109.06,119806.9229,85837.86819,8691.222858,14314.18905,10963.64281,63574.76181,19461.40633,8820.675072,65859,33681.25,5227800,7284637.148,692077.87,360065.81,49228.7,126262.15,380229.95,464611.53,186119.2908,25446.48916,65656.94,419463.67
12/1/2012,6187149.09,153904.4674,112232.139,11628.39917,17235.63927,12808.29001,72337.5929,25863.06877,10739.12722,86575,58859.95,9216600,153503.198,1065112.97,529274.05,113594.48,209718.49,565418.91,740073.82,298068.7474,63972.46259,116459.24,615308.79
12/2/2012,13080589.38,247684.4776,192946.0132,13994.71588,21713.68812,19030.06039,91396.44891,25863.06877,18970.07536,117714,61139.65,8120300,153503.198,2333711.62,1081397.98,237591.99,416960.55,1052016.69,1517009.59,600508.095,131936.545,239057.19,1158615.21
12/3/2012,5554738.18,194924.0933,141441.6243,13807.60642,23047.73203,16627.13047,74408.66129,10881.43558,22897.38344,79675,35723.8,5426800,153503.198,1050700.46,509922.93,102408.2,190114.84,570998.66,716142.82,278714.8334,55974.50659,108499.66,654104.46
12/4/2012,5685685.83,139215.1316,89890.44396,10662.55023,21845.13257,16817.00479,70360.02421,10881.43558,12014.2409,96466,63014.75,7575500,153503.198,1039865.94,563866.83,79915.26,207372.41,670569.94,703944.43,307423.4754,43570.26458,104017.14,809891.66
12/5/2012,6919340.22,141466.5437,95443.67618,8776.825938,20694.95323,16551.08833,88059.61591,8438.326723,14505.60068,83234,51836.4,6772500,153503.198,1115202.9,603593.66,79976.63,227997.07,648878.17,783684.49,338854.2835,44898.45645,125340.18,718872.76
12/6/2012,5447822.08,120786.8645,82290.19883,8115.024972,16026.35715,14355.28352,79702.95552,8438.336749,15732.35885,69937,21967.4,3375000,153503.198,1024410.67,554625.33,60559.06,170782.99,520954.64,700580.43,309536.4435,33798.0165,97278.04,588803.1
12/7/2012,4731073.4,129114.6432,82053.60917,9047.809241,19144.45672,18868.76809,71716.27239,28427.04827,10479.47918,67559,46527.3,6410900,153503.198,975316.22,481737.78,57395.8,148028.31,479529.11,645388.33,276073.4899,32892.2901,82501.06,534186.09
12/8/2012,6264731.65,172730.4134,114811.8089,14963.78191,27680.53827,15274.28433,71496.0957,28427.04827,11301.52279,78588,38713.25,6473800,153503.198,1289360.9,630900.69,104602.69,186561.67,617422.73,858342.44,371540.5897,61601.05028,109685.05,672886.01
12/9/2012,12059237.08,291951.0541,212733.0086,19714.66202,36206.24195,23297.14155,113442.2681,28166.88965,14555.00739,126605,65069.2,8644100,153503.198,2400891.57,1127752.38,231942.66,363575.09,1123064.51,1543824.25,667769.8426,137338.9374,207341.69,1203756.54
12/10/2012,7701895.21,259495.9963,184763.3111,19536.43929,36868.37946,18327.86645,110412.0739,28166.88965,20058.07425,106094,36353.65,4807200,153503.198,1507330.58,735346.19,135937.06,227012.41,812096.32,1053845.24,454977.7476,84107.78244,130452.97,887036.56
12/11/2012,7668359.01,148173.0216,76582.186,19336.84398,35160.24307,17093.74854,112893.3344,12793.56981,17039.00873,85349,35110.95,6232000,153503.198,1418255.53,707780.31,145049.2,235742.65,693784.98,1019137.61,448447.2744,91902.69561,136813.35,770993.18
12/12/2012,6475103.06,133720.5112,66394.11527,19338.35151,32478.79696,15509.24741,116394.0432,12793.56981,15582.0363,74022,46239.15,6222200,153503.198,1283042.86,628819.58,114506.49,205102.24,584859.46,891581.37,387527.3231,70567.7669,115108.72,656612.82
12/13/2012,6595067,131819.1028,66339.93953,19064.12107,32604.82163,13810.22053,144119.2145,8452.914214,12731.16384,74736,30724.95,4229200,153503.198,1245600.49,641684.7,115401.22,216612.7,597712.77,859848.52,396158.7865,71245.59348,115976.26,668818.46
12/14/2012,6657498.84,106568.6831,48590.25321,16278.90837,29680.355,12019.16649,117119.9226,8452.914214,13535.33694,74590,40137.85,5955800,153503.198,1189679.24,632802.57,86852.68,217827.3,589206.17,796378.75,364707.2641,50056.37588,111881.87,674502.29
12/15/2012,4909404.33,128920.517,69355.07995,18018.68133,28848.14538,12698.61033,86869.25428,12695.06666,13884.33755,62343,68898.45,9946100,153503.198,910827.01,492324.8,63246.06,156084.65,483460.36,756315.62,373981.3094,48043.17056,96983.8,526821.88
12/16/2012,7468126.93,173838.8142,106271.6013,19334.06888,33725.58523,14507.55886,106378.5174,12695.06666,13450.1892,87589,72801.65,10255200,153503.198,1413168.55,549003.99,57220.11,242762.72,754146.27,1142164.11,326161.6152,33994.29483,145961.04,763020.46
12/17/2012,6630761.76,136018.4272,71279.9609,17364.73245,32492.85048,14880.88332,98123.39967,11957.25045,17086.31303,84372,0,0,153503.198,1193191.02,663599.84,97771.56,222559,672590.04,941673.97,461197.4847,67950.58532,119087.61,743684.97
12/18/2012,5034336.92,80666.97105,29623.22421,11083.94932,27614.16415,12345.63336,90344.82875,11957.25045,14132.42232,62380,0,0,153503.198,900246.28,500457.31,82473.86,160839.72,522691.91,716971.45,351278.7484,57889.68158,94122.98,557956.6
12/19/2012,3953588.9,65840.83074,26185.12787,8216.733165,21069.34854,10369.62116,71066.80143,10516.01644,11140.68817,49914,0,0,153503.198,686636.82,416073.36,58847.92,126552.98,384144.79,545824.21,287156.4274,40614.37259,69839.36,390118.98
12/20/2012,1849549.87,58307.09356,23157.82485,6194.566575,16939.18487,12015.51727,46869.484,10516.02647,6447.050437,29768,0,0,153503.198,352065.46,200106.41,29098.16,57815.89,183830.32,273882.5,135262.2691,19668.95088,33531.68,187944.65
12/21/2012,1253760.47,44108.62916,19319.47226,5134.589779,13491.92914,6162.637978,36037.59527,20178.58951,3717.066745,23341,0,0,153503.198,242100.59,132177.52,20828.23,43461.82,140718.08,189383.74,93223.15877,14689.89123,26595.53,136230.59
12/22/2012,1096142.37,37281.42066,16736.54928,4554.059007,11727.66209,4263.150289,33083.80939,20178.58951,2838.257978,22794,0,0,153503.198,219745.56,106968.22,24353.66,39661.58,119646.69,167193.83,80912.77352,18421.56648,24552.83,124856.21
12/23/2012,1081095.5,33026.31059,13658.41714,4032.128197,11092.59066,4243.174592,32462.48888,31109.31176,2598.58286,23728,0,0,153503.198,200452.1,96290.12,27704.58,35735.91,120973.57,156458.48,73006.15049,21005.31951,19217.86,127947.4
12/24/2012,706236.81,30166.80777,14993.22811,3232.850339,8574.262094,3366.467218,26939.97497,31109.31176,1945.783525,13582,0,0,153503.198,127933.31,65377.34,20493.39,23658.34,72011.05,103833.2,49171.91449,15413.58551,12886.33,72392.64
12/25/2012,739467.68,24619.82248,7807.960808,3368.789605,9630.836945,3812.235124,25692.30708,36793.68074,1062.769932,14202,0,0,153503.198,132553.46,64832.69,30723.02,21715.58,74860.71,105691.08,46032.26555,21813.84445,13806.06,73569.99
12/26/2012,1589926.97,42192.85719,15192.85405,6103.354077,15303.65464,5592.994427,35960.18155,36793.68074,2805.670572,33378,0,0,153503.198,289638.51,130889.52,57603.89,53236.39,167165.74,225339.99,95925.15155,42216.22845,30599.32,188484.69
12/27/2012,1457099.06,39496.74902,14907.35341,5669.298259,13471.35596,5448.741382,49391.96487,6352.64647,3523.644719,45786,0,0,153503.198,230954.84,120755.25,29245.93,41579.45,178863.42,189518.81,87959.807,21303.143,26151.91,241571.49
12/28/2012,1191258.18,34198.94122,12699.73638,4575.7036,11835.16608,5088.335159,43143.57166,6352.64647,2784.646438,36405,0,0,153503.198,204981.03,107228.22,20623.31,36560.06,150296.04,157522.08,75509.21728,14522.76272,21036.95,198819.63
12/29/2012,1166945.45,33443.19703,12197.12773,4590.672711,11875.03058,4780.366002,37856.31504,5537.311036,2475.591681,24268,0,0,153503.198,206826.77,112697.17,19276.68,39988.94,141059.57,163499.38,81274.45734,13901.87266,22003.39,173580.93
12/30/2012,1316011.33,35970.25784,13133.58091,4901.325872,12783.58026,5151.770791,38025.2177,5537.311036,2751.007825,31657,0,0,153503.198,229055.94,125111.94,17091.37,46174.63,169011.97,178385.5,90133.82251,12313.05749,24902.74,215068.44
12/31/2012,1382361.53,27917.3415,9530.45203,3573.924627,10683.61233,4129.352513,32632.39691,9697.021603,3279.764775,25873,0,0,153503.198,206009.64,116706.31,16067.96,43919.86,150774.17,182203,102020.0267,14045.97325,25654,180183
1/1/2013,1815434.42,38739.52427,13577.76729,5018.271608,15125.20394,5018.281433,14768.46675,9907.89973,2425,37546,0,0,286695.321,293641.74,156426.19,24196.61,51993.42,165899.85,217407.25,131454.3943,20333.87574,32048.64,194562.43
1/2/2013,1281541.62,47639.23583,19168.82813,4468.328229,18969.19293,5032.886548,18846.55833,7813.218057,2808,36205,0,0,286695.321,222489.23,119853.44,20994.51,35533.52,128440.68,169521.8,97733.84874,17119.86126,23661.82,137521.99
1/3/2013,1075440.34,37819.48127,16671.83101,4202.901992,12193.59803,4751.15024,21512.73028,7813.218057,2443,32090,0,0,286695.321,177052.93,103231.93,17765.75,31509.59,107615.3,140501.3,80717.45048,13891.10952,19630.22,114821.96
1/4/2013,922561.79,30607.68343,12033.54149,4105.072263,10306.60273,4162.466958,20387.80059,2039.856888,2000,27384,0,0,286695.321,158820.01,98353.72,14354.13,30128.97,96440.18,122912.14,69101.90527,10085.00473,20078.81,104773.07
1/5/2013,1071686.14,30745.49471,12265.03843,4334.437643,9839.481452,4306.537184,19783.70448,2039.856888,2168,30953,0,0,286695.321,182497.95,99224,14065.19,34137.7,111131.62,146917.63,79612.47134,11285.21866,19148.87,124111.39
1/6/2013,1413237.41,35177.92211,13721.48217,5052.170206,11784.17817,4620.091566,23007.91242,1863.878756,2238,35989,0,0,286695.321,251843.78,130613.59,13248.15,40137.66,134376.25,191154.43,107306.9545,10884.15554,25928.08,147105.95
1/7/2013,1248374.59,34080.6414,13843.92383,4436.377985,11362.37834,4437.961248,24744.91016,1863.878756,2858,34807,0,0,286695.321,201104.87,105834.65,9428.09,34564.77,109142.88,160603.73,84950.2402,7567.639805,21832,126381.31
1/8/2013,1307334.01,30454.34295,12340.38718,3806.274979,10241.88649,4065.794302,25855.66751,1663.786733,2711,34648,0,0,286695.321,219771.19,121923.01,11334.17,36047.58,117665.78,166194.57,86149.82592,8008.634076,22420.3,134962.78
1/9/2013,1702333.75,27759.99394,11068.31691,3546.907984,8971.33073,4173.438313,31656.58449,1663.786733,3428,41150,0,0,286695.321,278101.57,149161.84,9477.85,54034.39,140583.6,204562.2,106742.6929,6782.507056,30080.52,172596.77
1/10/2013,1026097.08,23471.30911,9942.995964,3137.442199,6236.49307,4154.377875,20830.68629,1762.342273,3851,24815,0,0,286695.321,129853.27,76464.28,10224.88,24390.73,75739.06,116299.37,62498.18076,8357.319241,17718.36,86687.86
1/11/2013,711942.64,22340.00881,9142.45496,2847.708258,6806.093953,3543.75164,16519.63683,1762.342273,1630,20734,0,0,286695.321,96330.82,56357.13,3714.04,20180.8,69754.48,83823.49,48237.01099,3178.909009,13992.89,76586.82
1/12/2013,785894.16,23159.22466,9851.408309,2864.799832,6648.281281,3794.73524,15402.67908,2023.436087,1687,22928,0,0,286695.321,116474.17,62769.59,5304.54,22744.12,74024.05,96370.6,55454.2183,4686.331696,15227.97,85501.59
1/13/2013,1082181.7,28794.06559,12111.94543,3763.424632,8391.328461,4527.367075,20433.8607,2023.436087,2174,29260,0,0,286695.321,158464.67,88349.05,6959.28,32588.99,104385.2,134705.18,73691.04524,5804.664762,20448.79,120128.24
1/14/2013,1304650.38,29419.22919,12494.89116,4242.321978,8135.91338,4546.102671,24667.84805,2302.21069,2398,33795,0,0,286695.321,152890.86,73890.07,7376.28,35824.89,94064.98,136115.55,69658.42557,6953.844426,23254.34,113806.88
1/15/2013,1404657.67,26673.71919,10314.08712,4440.214415,7498.771202,4420.646456,27551.91976,2302.21069,2468,34602,0,0,286695.321,152662.47,75568.73,6779.81,36352.16,99253.37,138323.64,69687.05687,6252.123134,24869.7,123184.33
1/16/2013,2977249.81,24544.02187,7198.029744,5281.139672,7101.022304,4963.830149,54843.42273,1910.662162,4063,63930,0,0,286695.321,219436.93,101307.75,9456.96,72791.92,143318.38,217673.35,107169.2187,10004.12125,52759.41,196403.98
1/17/2013,673754.01,21035.97801,6015.334615,5233.854066,6223.967006,3562.822321,15269.81337,1910.662162,4720,21450,0,0,286695.321,90562.82,58935.88,5774.71,21626.57,67606.47,81394.77,43471.36813,4259.45187,12325.55,85391.33
1/18/2013,538015.99,19308.75053,5654.788697,4552.009646,5533.89284,3568.059347,13713.513,1841.147778,1376,20439,0,0,286695.321,85275.61,56068.68,2970.74,15825.43,65871.38,70007.76,35979.6653,1906.344699,9636.92,76078.41
1/19/2013,578938.97,18928.47498,5476.525262,4170.363169,5662.211979,3619.374565,12926.94798,1841.147778,805,16051,0,0,286695.321,84639.13,50629.47,3026.15,16362.33,60128.85,68786.98,37826.0473,2260.882704,9781.37,72233.89
1/20/2013,793542,24320.26625,7211.477624,5666.409782,7019.986554,4422.392293,16074.97958,2269.205186,1274,24849,0,0,286695.321,133567.9,71506.15,7277.32,21829.5,86998.9,109830.54,53052.20399,5399.226012,13248.12,102563.29
1/21/2013,948574.61,26826.32837,8489.627505,5776.296827,7894.782363,4665.621669,18786.32587,2269.205186,2083,27725,0,0,286695.321,141696.85,78950.23,4798.37,26959.87,90487.69,116733.06,58359.54326,3546.926736,15794.88,110359.3
1/22/2013,803699.69,26334.20626,9504.533425,5708.519423,6999.385363,4121.768052,16659.58871,2099.127479,1591,22985,0,0,286695.321,118739.99,72507.37,4320.56,22999.71,78399.01,96579.16,51419.11431,3063.955685,13373.31,99057.16
1/23/2013,1114723.6,27711.32048,11253.20787,5663.770778,6634.056919,4160.284918,17873.98132,2099.127479,1905,26179,0,0,286695.321,140602.85,84520.84,4744.07,31704.56,93077.64,119001.29,57341.48021,3218.519788,17180.25,124962.57
1/24/2013,630691.21,25443.19225,9821.731567,5697.365236,5939.760047,3984.335402,9118.130913,1038.259713,1343,23280,0,0,286695.321,89986.82,57598.68,2626.85,18642.91,70771.13,71712.85,36373.59301,1658.856988,10868.59,85715.98
1/25/2013,557866.08,27974.06122,13434.60024,4981.652312,5914.847043,3642.96163,5203.907044,1038.259713,1,22451,0,0,286695.321,87316.31,45861.83,2391.85,18919.17,67287.47,68329.64,32570.15589,1698.644109,9914.96,86406.53
1/26/2013,1096488.79,29810.435,13003.53676,5950.947204,6337.251681,4518.699357,24824.62959,14849.31119,1,39888,0,0,286695.321,123991.21,64829.19,2852.14,36744.2,99494.14,105474.61,56108.07283,2468.457169,21921.25,126273.86
1/27/2013,1862985.63,36228.78113,16109.7794,6578.48211,7720.347038,5820.172584,41237.08808,14849.31119,2150,56450,0,0,286695.321,189394.96,79945.41,2568.73,57715.43,150042.34,166991.35,82683.22125,2656.698751,37148.62,208330.67
1/28/2013,896736.24,36002.05695,16829.73455,6574.148366,7912.406083,4685.767951,20060.06516,0,4498,34216,0,0,286695.321,122131.83,61354.46,1079.64,24170.9,98172.41,101674.09,48820.93941,859.0905865,13641.65,137160.4
1/29/2013,837540.77,33428.63886,15341.98046,6035.958277,7844.296573,4206.403558,19651.72454,0,1827,39695,0,0,286695.321,121983.03,75378.04,461.07,24607.09,106413.97,92264.4,41338.82002,252.8599808,13698.84,152651.29
1/30/2013,1305965.39,31629.47129,14229.53893,5534.396965,7195.732084,4669.803307,27708.7013,1709.453566,782,67795,0,0,286695.321,174150.38,97462.36,721.02,41779.56,171375.93,129848.93,54003.40642,399.5135773,17688.43,288680.77
1/31/2013,1368706.02,30415.87495,12580.04425,5607.127312,6753.010447,5475.692936,43409.88535,1709.453566,1223,135044,0,0,286695.321,165526.27,116507.65,1114.7,41558.39,276100.91,115261.98,52766.85718,504.8528204,18212.21,476625.24
2/1/2013,876443.75,26997.76981,12127.43346,4519.998539,6028.911677,4321.426138,15179.46468,537.9528275,2859,18733,0,0,219824.5449,139225.7,77833.06,1499.69,31047.74,75684.56,107302.34,47797.0057,920.9543024,13420.51,77949.16
2/2/2013,625633.31,29556.87126,13086.73081,5731.537943,6653.494007,4085.1085,12481.40496,537.9528275,2086,16449,0,0,219824.5449,80126.56,54157.14,856.49,19385.48,56010.39,75226.49,41134.48209,650.5379081,11319.96,57461.17
2/3/2013,671158.75,29477.33373,13169.46827,5500.092083,6875.869451,3931.903925,13817.14825,425.7115797,1624,17926,0,0,219824.5449,92901.79,56183.07,687.07,20037.72,63642.37,86298.69,42972.21722,525.5127797,12533.97,63775.49
2/4/2013,784681.87,32081.01724,14707.31017,6351.562571,7189.136,3833.008499,17302.65876,425.7115797,2217,18154,0,0,219824.5449,87636.67,67277.19,862.83,25490.11,66631.92,83803.08,47655.78454,611.1854638,15892.18,66997.89
2/5/2013,729014.14,43887.18005,24321.46723,7552.333821,8179.071473,3834.307525,15569.20411,682.093249,2709,17460,0,0,219824.5449,97736.52,62859.54,405.69,24251.42,59721.15,87507.72,43594.06768,281.3523185,13963.25,66914.41
2/6/2013,798411.32,44320.66083,25331.73414,7838.099156,7553.345292,3597.482247,17025.41231,682.093249,2797,17415,0,0,219824.5449,109800.02,67990.23,800.07,31405.65,64029.98,89546.08,46214.01006,543.8199433,17059.38,73691.46
2/7/2013,646649.06,40617.21935,23070.93321,7401.321408,6461.710096,3683.254629,14496.53493,244.6013066,2812,16039,0,0,219824.5449,93781.1,69181.36,546.95,20832.7,64382.53,81627.45,42297.99076,334.4092404,11227.51,73603.92
2/8/2013,630816.31,37415.00676,21201.42057,6802.062361,6171.481768,3240.042059,13175.84975,244.6013066,1925,17017,0,0,219824.5449,94105.27,58170.04,952.84,21150.64,65951.31,87930.9,36428.00012,596.6998757,11802.82,71952.03
2/9/2013,597249.94,34981.47483,18967.56601,6697.504069,6013.335183,3303.069563,12559.35285,209.7928955,1579,18654,0,0,219824.5449,87467.2,57079.73,1032.28,22451.73,69591.27,74142.67,38778.5349,701.3051043,10916.5,79650.09
2/10/2013,786830.17,40513.05053,20893.77317,8373.427785,7424.644772,3821.204809,16917.34819,209.7928955,1671,31226,0,0,219824.5449,123055.48,66722.01,713.08,28206.99,118387.12,99673.46,46105.56471,492.7452888,12606.2,139203.49
2/11/2013,830457.36,42778.63155,22474.86122,8566.96573,7832.770973,3904.033625,17236.2259,461.6775394,1794,34170,0,0,219824.5449,111887.06,69372.3,929.92,26367.58,138778.43,94033.18,44837.85864,601.0413595,13766.78,177840.96
2/12/2013,675592.64,31695.92274,16040.05355,6941.169399,5362.131728,3352.568062,11998.65954,461.6672956,1666,16278,0,0,219824.5449,97049.03,57365.01,594.77,21424.15,60598.84,78220.3,37485.54363,388.656374,11721.14,66514.16
2/13/2013,650197.87,24082.95675,11723.75234,7277.042744,2159.175448,2922.986218,9915.325184,1604.341998,1768,14232,0,0,219824.5449,89332.78,51559.83,921.44,21771.72,51628.91,70930.82,34682.14577,619.8142313,9999.94,60881.72
2/14/2013,379638.34,21113.92298,8873.872295,5501.61457,1268.16293,5470.273187,6596.339704,1604.341998,1084,8719,0,0,219824.5449,50661.74,29687.36,1004.73,14059.77,31889.67,40876.01,19652.63228,665.1177211,10015.03,37081.91
2/15/2013,442881.15,14877.67716,5424.266159,5290.659889,1715.343839,2447.407278,8235.902587,1620.424754,1305,11686,0,0,219824.5449,63156.47,39534.59,2996.18,15526.68,42412.15,53311.35,24311.94763,1842.512373,8085.85,47443.31
2/16/2013,589793.12,17006.02917,6321.683016,6275.127867,1727.249016,2681.969269,10462.73192,1620.424754,1656,17540,0,0,219824.5449,68464.6,42018.74,2432.8,19241.35,47621.06,60861.01,29249.0398,1693.460204,11270.01,52645.91
2/17/2013,712453.4,19651.30863,8400.333597,6481.799431,1778.67591,2990.499689,12644.3869,2326.283605,1681,20098,0,0,219824.5449,92850.14,55112.41,3986.56,23272.51,59746.9,77113.34,38260.23337,2767.556634,14151.77,68172.87
2/18/2013,701247.74,23454.78223,10528.61431,7531.517644,2121.34883,3273.301447,12986.29467,2326.283605,4436,19541,0,0,219824.5449,99456.7,55271.65,2611.61,22336.41,67794.16,85082.72,41321.11879,1952.441207,14321.1,76443.19
2/19/2013,589363.17,19999.10683,9858.796888,5243.475727,1947.916498,2948.917713,10396.29906,2329.694788,3158,17142,0,0,219824.5449,88307.07,52464.27,3500,22833.21,60366.3,67554.86,34490.43193,2300.928074,11529.5,69820.99
2/20/2013,572431.53,17325.29793,8536.071173,3903.049269,1981.581958,2904.595531,9909.124784,2329.694788,1608,16096,0,0,219824.5449,80067.67,52640.18,3382.98,19459.97,59729.56,63173.14,31032.98081,1994.369195,9983.81,69704.26
2/21/2013,543659.88,15195.57562,7246.340814,3356.830713,1854.593136,2737.810958,10522.96437,2031.313564,2040,16199,0,0,219824.5449,73158.37,47771,2669.49,19921.03,51751.05,58901.21,28843.80982,1611.820181,10531.65,63590.32
2/22/2013,481366.54,12180.41307,4831.482504,2880.825754,1781.741011,2686.363798,9109.273199,2031.313564,2641,15335,0,0,219824.5449,73832.49,39240.49,3791.71,23868.54,50699.42,57995.76,24792.99514,2395.684856,11197.28,61849.58
2/23/2013,485951.97,13209.60925,5266.788741,3325.114,1816.74613,2800.960382,8579.581895,2164.738978,2048,15255,0,0,219824.5449,78494.19,44225.65,4136.83,18460.24,51558.68,59743.31,26026.69491,2434.51509,10108.85,60099.31
2/24/2013,671535.52,17350.17382,8092.472822,3881.410772,1946.211476,3430.078746,10631.02848,2164.728734,468,20018,0,0,219824.5449,108987.88,64735.46,5117.26,23953.68,72493.56,86163.3,40558.16592,3206.074077,13379.08,77552.12
2/25/2013,697231.02,18775.61141,9618.744376,3690.277897,2135.943697,3330.645443,11616.00629,2070.424369,1000,18347,0,0,219824.5449,97920.56,54336.87,4820.2,27149.5,61449.75,78448.57,34589.38111,3068.408888,14137.53,74004.97
2/26/2013,782109.68,17266.28931,8525.25189,3397.357143,2049.65369,3294.026585,14005.81756,2070.424369,1627,32670,0,0,219824.5449,109220.07,63331.31,4475.84,24934.89,87563.39,85665.35,39515.38292,2792.687084,14093.84,99640.84
2/27/2013,996298.45,17033.01642,8114.547719,3792.492187,1943.430518,3182.545993,16478.89135,1479.459909,1949,36194,0,0,219824.5449,153474.83,83502.9,4692.74,33892.13,102591.51,105526.29,45103.72697,2534.763029,16500.06,125448.14
2/28/2013,623810.3,16094.63673,8515.518684,2861.480901,1814.218928,2903.418213,16055.49261,1479.459909,1927,30340,0,0,219824.5449,80254.78,54484.51,4347.88,21645.68,76728.07,65197.8,32259.48367,2574.316331,10891.21,94089.53
3/1/2013,426120.81,15403.25183,8173.140002,2700.917918,1643.983694,2885.210216,9196.964569,1084.18264,1454,16164,0,0,378571.7241,64572.08,38560.66,3385.89,15129.85,45479.53,48998.1,26947.15524,2366.144757,7662.43,53069.01
3/2/2013,498966.13,15337.09847,8409.620266,2582.677946,1611.840665,2732.959591,9977.329183,1084.18264,1089,16142,0,0,378571.7241,80206.83,41224.46,3078.78,16912.44,53476.44,67466.39,28529.56691,2130.683094,8980.82,61896.92
3/3/2013,689958.22,19562.03455,11054.14839,3282.445991,2031.344264,3194.09591,12885.31673,760.7246097,1416,21962,0,0,378571.7241,106062.8,66378,3894.68,23594.47,77787.19,83703.17,44664.93784,2620.682156,13375.16,84382.48
3/4/2013,770987.9,20497.71467,11339.51804,3563.431285,2078.701212,3516.064128,15254.75525,760.7246097,2048,22689,0,0,378571.7241,104566.77,55371.73,4133.56,20666.22,68607.83,86402.72,41670.67843,3110.761566,13557.04,80051.98
3/5/2013,807584.96,18819.83202,10363.21004,2949.902286,2112.661029,3394.058666,14597.51287,816.6045044,1714,22632,0,0,378571.7241,110514.42,68812.35,3709.29,23767.84,69836.52,86305.7,42648.98129,2298.968714,13023.88,84184.52
3/6/2013,1048035.52,16947.93413,8259.308111,3252.850476,1985.164693,3450.610854,16560.38232,816.6045044,2112,27452,0,0,378571.7241,132766.61,82565.15,3940.14,30386.02,86622.07,104713.79,50959.00538,2431.844616,18874.73,107759.66
3/7/2013,550671.11,16000.5014,8058.00577,2913.942976,1777.031712,3251.520945,12694.87587,1034.520728,2237,16142,0,0,378571.7241,76766.1,50625.61,2493.49,16667.56,56852.94,60871.72,34250.12066,1686.939345,9905.47,64852.66
3/8/2013,445700.19,14311.03829,6655.789928,2788.364973,1828.45849,3038.424902,8822.283262,1034.520728,1501,13755,0,0,378571.7241,71554.48,42400.45,2421.27,14210.09,50504.24,53811.12,26790.72075,1529.879245,8104.06,53261.27
3/9/2013,529506.98,14862.40267,6093.078784,3909.636226,1705.143792,3154.543865,10297.97843,987.8397604,1355,15391,0,0,378571.7241,76678.89,54675.06,2238.17,19817.38,55667.72,62229.23,35186.36623,1440.383775,11098.1,60442.5
3/10/2013,708785.2,17141.25933,8064.988446,3665.351173,1916.250512,3494.669199,12134.18257,987.8397604,1796,18847,0,0,378571.7241,107789.24,59479.24,3141.27,25770.08,72336.52,84025.82,41310.82627,2181.743735,15571.96,83362.09
3/11/2013,664301.32,22327.71576,11367.35764,4082.601686,3262.25899,3615.497445,11642.57944,2443.759431,1869,18620,0,0,378571.7241,102236.26,64622.51,2838.06,18910.59,67817.82,75873.83,37632.21659,1652.713406,10354.39,79784.6
3/12/2013,631383.8,24120.16433,13459.22253,3671.471314,3376.246516,3613.223975,11980.05834,2443.759431,1535,18756,0,0,378571.7241,98920.42,52354.58,3298.71,20185.82,73175.17,73452.71,34138.568,2150.972,10245.05,84468.77
3/13/2013,643794.61,22658.58498,12884.29159,3648.584467,2995.980298,3129.728628,11672.69566,4388.46172,1386,17574,0,0,378571.7241,92581.4,46695.82,3530.33,20667.33,68199.54,73302.88,31530.89895,2383.821047,10233.24,83091.22
3/14/2013,554352.13,22325.68593,13456.08654,3335.364832,2702.744953,2831.489602,13320.23049,4388.46172,2370,20041,0,0,378571.7241,86859.01,50236.21,4691.57,18404.37,67945.97,68651.37,30661.72517,2863.50483,10382.28,75465.06
3/15/2013,447522.66,19354.90654,10922.66342,3155.609616,2446.453194,2830.180313,11352.04641,3072.707878,2386,18495,0,0,378571.7241,72437.94,42106,3916.52,15144.05,56254.09,55759.32,28107.77501,2614.464992,8569.87,64578.08
3/16/2013,688681.34,22482.71682,12978.9548,3736.153124,2507.521957,3260.086942,17089.18785,3072.707878,3644,25099,0,0,378571.7241,86766.06,47557.13,4700.28,22349.48,68257.51,71215.8,37419.93363,3698.376367,13774.11,76934.44
3/17/2013,653693.72,29758.58214,18887.33535,4345.805152,3236.865257,3288.576383,13234.31066,3964.952556,2729,21507,0,0,378571.7241,110354.71,51429.9,5636.38,22639.96,79889.74,89279.7,38022.30459,4166.995408,12004.81,85180.58
3/18/2013,704139.71,35042.92921,22974.5653,4843.712314,3697.433357,3527.218239,15702.95559,3964.952556,2210,23883,0,0,378571.7241,104937.87,53030.05,4726.72,24060.42,82176.74,87514.92,38293.52832,3413.211682,13986.93,94909.55
3/19/2013,666859.16,28549.95529,17313.91013,4663.571464,3544.177829,3028.295868,14845.52886,7275.459862,1586,27555,0,0,378571.7241,105705.94,50615.87,5042.43,21506.35,94075.72,81039.14,37857.1892,3771.390802,12555.03,112790.38
3/20/2013,697741.97,25206.86683,14405.33615,4018.000872,3442.044837,3341.484968,12558.46708,7275.459862,2468,19700,0,0,378571.7241,88998.85,50567.72,7024.88,25730.94,66071.09,75180.42,40518.82495,5628.885048,17435.95,65312.57
3/21/2013,620208.29,22146.65111,12874.70043,3447.972152,2548.20059,3275.777941,12923.4049,9496.181172,3225,20223,0,0,378571.7241,87903.6,51057.68,8956.02,23528.21,66499.35,73685.74,33870.35594,5941.194061,13266.87,72632.9
3/22/2013,552785.6,21885.26453,11736.69321,3965.34587,3231.273011,2951.952438,14715.32046,9496.181172,1655,22098,0,0,378571.7241,80856.16,40807.83,5879.74,19178.11,67654.36,61776.55,30905.38076,4452.959236,11041.39,78021.77
3/23/2013,569713.08,25828.84994,14563.18906,5226.799975,3066.782314,2972.078589,14649.77338,15596.83155,1565,18722,0,0,378571.7241,90275.88,39226.82,6586.84,17748.84,61933.24,75255.97,32643.64528,5481.414718,11033,65943.72
3/24/2013,1000995.68,33745.5463,19982.29951,5259.48127,4262.153899,4241.611629,17291.14373,15596.83155,2532,28021,0,0,378571.7241,130621.33,65364.61,11081.53,32667.8,89051.81,110991.86,56523.07212,9582.587878,21212.6,89406.36
3/25/2013,1151997.16,39592.4116,24199.55249,5764.584523,5016.901289,4611.373296,19902.39785,22390.56677,3345,29714,0,0,378571.7241,144826.29,63839.62,15868.6,37702.46,88885.12,115851.23,62420.42018,15515.82982,26139.52,90511.56
3/26/2013,1431714.19,34358.37462,19973.24619,5264.14983,4566.492616,4554.485978,24088.55354,22390.56677,3779,35784,0,0,378571.7241,171659.5,74281.69,15250.17,47875.38,96826.89,132065.67,69519.66305,14272.51695,31804.21,99219.22
3/27/2013,1427267.48,32587.27014,19116.44682,5079.817169,4363.992684,4027.013474,32101.24174,14014.59566,4788,40559,0,0,378571.7241,158078.71,72488.85,13743.3,47795.2,98847.85,121358.3,66284.8065,12567.0635,29612.08,106036.98
3/28/2013,681307.48,28544.31239,16507.29965,5246.987344,3818.200536,2971.824851,20898.89069,14014.59566,4175,32329,0,0,378571.7241,97056.03,42879.91,9764.39,29890.53,78845.6,81210.01,30821.22989,7018.450108,13816.39,103432.82
3/29/2013,516951.61,24324.19707,14195.53869,4290.074944,3317.370063,2521.213373,14408.84356,13739.20151,1854,15210,0,0,378571.7241,89125.87,39751.12,6849.49,19571.28,59333.23,66766.55,28399.56002,4893.509978,9723.15,67175.3
3/30/2013,481433.78,21926.5827,11799.38574,4509.656414,3357.439745,2260.100799,13532.81563,13739.20151,1495,17824,0,0,378571.7241,82022.88,36328.55,6558.81,15887.11,66681.53,63670.5,26889.45765,4854.662346,7977.64,75714.14
3/31/2013,890361.76,24945.71358,13271.38838,4781.547623,3902.572206,2990.205371,20901.548,9576.984217,378,31488,0,0,378571.7241,126504.05,57261,14721.36,31727.45,106758.54,97551.32,44351.27929,11402.37071,19519.2,139815.54
4/1/2013,1164083.38,40314.21076,24282.41613,6679.602118,5367.488603,3984.703909,11960.93179,9192.818294,2374,19160,0,0,430784.1553,147813.08,64494.59,13467.99,39693.04,71000.62,131470.74,59172.09282,12356.52718,28722.77,88450.49
4/2/2013,1509885.44,40110.57219,24522.83283,6274.486772,5332.126766,3981.125815,15264.94234,494.4272223,5045,19583,0,0,430784.1553,193796.29,85963.37,11093.39,64881.98,81328.95,167599.78,80225.30507,10352.90493,36238.43,100677.6
4/3/2013,1088685.19,37881.45008,23039.79787,6272.178306,5207.847235,3361.626673,12462.81688,494.4272223,5073,16881,0,0,430784.1553,172099.16,85284.11,6320.69,38219.13,79849.91,139988.54,56546.5281,4190.851903,22088.14,89526.85
4/4/2013,551253.51,33918.07785,18814.27781,6862.884463,5077.555048,3163.360526,7943.46494,1092.335782,2467,11100,0,0,430784.1553,87017.45,54648.1,4063.35,15553.44,51400.06,82154.94,35007.54971,2602.980289,9576.32,53958.24
4/5/2013,460561.37,26660.45559,13335.73154,6100.333316,4479.136302,2745.254434,6455.308046,1092.335782,1427,9151,0,0,430784.1553,81408.34,37854.92,1536.96,14729.5,41339.51,64991.23,31118.93974,1263.47026,8394.52,46287.95
4/6/2013,547286.3,26872.53082,13616.7355,6213.721277,4270.555437,2771.518611,6572.228977,2182.537827,1436,10018,0,0,430784.1553,89073.36,39171.53,3937.71,17841.03,46831.79,79231.77,32354.08251,3252.387492,10894.27,48672.05
4/7/2013,745400.46,34098.38036,18228.30476,7357.925532,5116.316159,3395.83391,8209.122023,2182.537827,1818,13247,0,0,430784.1553,129280.09,57913.15,3371.65,23892.54,65228.47,111556.24,48293.60123,2811.608772,14445.27,66058.24
4/8/2013,835712.56,44030.77549,27261.44564,7372.206336,5758.616835,3638.506677,9139.717195,2827.968745,2335,12597,36448,3469540,430784.1553,121969.01,55219.3,3828.69,26929.68,56915.04,119636.12,45790.15966,3174.910337,16958.51,66584.07
4/9/2013,708243.25,41290.04307,26331.71889,6899.190292,4628.211162,3430.922728,8291.046213,2827.968745,1768,11364,28637.35,3082000,430784.1553,117330.23,53316.68,2859.79,24080.85,55547.68,100086.29,40056.46871,2148.541294,14031.59,64575.45
4/10/2013,805937.62,39726.93537,24718.9789,7398.733043,4202.864854,3406.35858,9018.02398,2703.287696,1709,13012,49610.25,5003700,430784.1553,131823.91,56245.7,3655.34,22003.18,64551.21,113295.39,43299.51679,2813.983214,13974.04,73622.45
4/11/2013,631014.04,36575.06536,21899.73847,7076.606924,4384.195326,3214.524633,9124.604965,2703.287696,1906,12466,60072.05,5233300,430784.1553,110481.85,48796.26,2960.52,22222.85,58902.24,94107.86,35937.66441,2180.375591,11689.02,69043.6
4/12/2013,524906.88,29997.98003,16696.95959,5940.293352,4079.487721,3281.23936,7957.781789,2569.22607,1734,12823,67924.35,7321900,430784.1553,90271.93,43755.91,3410.94,18339.82,60852.91,75692.38,30830.79221,2403.377792,10176.91,72826.01
4/13/2013,552530.82,26016.36071,15638.49391,3366.52696,3798.053455,3213.286384,8242.528004,2569.22607,1429,17955,53207.45,6196030,430784.1553,97283.18,46675.54,2663.3,19348.45,83480.04,77984.12,35692.85076,2036.629237,10240.91,103923.5
4/14/2013,753143.69,34949.82834,21328.68586,4951.648978,4880.537502,3788.955997,8696.690263,2004.238027,1631,13793,55036.65,6752500,430784.1553,142163.54,67046.56,3918.21,25988.7,70550.27,117162.11,48291.3944,2822.155596,14873.84,75307.15
4/15/2013,780574.68,38611.25196,25389.44358,4306.483729,5324.844639,3590.480015,8604.426126,2004.238027,1989,12739,72125.9,5081220,430784.1553,128889.63,67229.02,2178.88,27272.03,70364.31,101712.93,39835.15021,1291.049789,12981.81,138035.98
4/16/2013,719062.46,37324.05912,23848.94836,4608.861957,5282.095982,3584.152816,8395.241057,2604.29999,1926,11562,49233.7,4162180,430784.1553,129809.13,59955.95,1824.25,23147.58,57616.9,104027.93,42912.74515,1305.684846,12766.63,60330.61
4/17/2013,755153.16,37834.80748,23791.34093,5059.926605,5533.834673,3449.705267,8781.795975,2604.29999,2101,13840,47196.25,5246060,430784.1553,122247.3,61813.84,2770.34,30692.28,60253.12,108052.45,43770.564,1961.685996,14943.75,69257.4
4/18/2013,736008.48,35238.05125,21535.97594,4986.296871,4976.150089,3739.628351,9168.350892,2731.252436,2050,13181,71691.55,6476680,430784.1553,120052.12,58338.92,3112.96,25611.48,64668.49,101503.22,38688.60899,2064.421012,14578.65,85023.77
4/19/2013,569887.09,28626.33927,16702.78323,4462.420927,4227.271742,3233.863362,7464.645886,2731.252436,1714,12419,60129.85,4662010,430784.1553,95860.44,46836.39,2274.81,21223.55,58128.33,78999.11,32596.71103,1583.198966,11171.2,73734.79
4/20/2013,793050.32,29790.96263,17481.1995,4871.293091,4011.398302,3427.071728,9694.097395,2162.301739,2219,18604,29799.3,2876310,430784.1553,109221.99,55945.12,2657.19,29547.89,68311.52,94586.12,46458.3568,2206.603205,17230.61,85107.49
4/21/2013,1092530.54,40330.90505,24878.86175,5518.483486,5338.002945,4595.556876,12162.16305,2162.301739,2662,21297,37611.65,4377710,430784.1553,169017.52,85873.03,3376.41,39465.44,92076.97,144839.38,58579.17694,2303.253057,20822.79,115396.34
4/22/2013,945040.58,49284.44505,31806.71864,6096.839352,6223.018215,5157.868847,10342.33249,3249.003275,2237,18115,79413.8,6417340,430784.1553,152756.32,74488.22,3374.32,31576.61,82584.24,135120.63,53410.0616,2419.478396,16656.33,105209.42
4/23/2013,991992.74,44598.48034,28141.67554,6654.691609,4758.744626,5043.368574,11335.76272,3249.003275,1855,18491,60787.75,4856010,430784.1553,167543.01,74723.96,3592.29,31969.5,85049.23,139197.17,53538.94151,2573.838488,16247.06,108341.71
4/24/2013,1295294.84,40264.39965,24828.91452,7171.485056,4025.605738,4238.394338,11701.63775,1436.545939,1864,18962,37586.15,3330550,430784.1553,193405.72,83413.62,2662.09,43326.46,88079.27,155746.34,60257.91875,1923.091252,23022.85,128247.11
4/25/2013,819183.69,35447.00967,21176.8409,6986.943362,3633.994768,3649.230639,11086.80863,1436.545939,1727,25345,36695.35,3751480,430784.1553,117866.05,78675.22,2761.72,24518.16,82027.11,107354.68,48086.86665,1687.983349,14910.03,102466.76
4/26/2013,652599.29,29028.22268,16144.59483,5972.95825,3191.020193,3719.649404,10828.30997,2006.942072,1890,19000,49679.95,3352410,430784.1553,109067.13,59259.32,1878.92,24096.65,67481.42,87724.61,35878.54811,1137.591886,13158.18,81104.98
4/27/2013,648341.71,26834.16846,14578.59119,5646.876558,3212.373482,3396.327232,10361.42163,2006.942072,1695,16749,26174.05,2912510,430784.1553,116232.51,57627.71,1811.05,20436.77,67590.35,94008.13,39787.7805,1250.399502,11572.86,78674.77
4/28/2013,1035853.01,37807.03281,22237.64589,7322.458909,4188.688803,4058.239208,13157.18404,2677.17154,1715,22879,44157.5,3311410,430784.1553,192702.9,95803.42,1950.92,34319.53,101447.25,158079.31,62306.39611,1268.793894,17125.48,113546.53
4/29/2013,1239298.66,45081.45471,28483.70707,7338.209004,4593.111772,4666.426863,15997.48777,2677.17154,2347,23444,53036.6,4016490,430784.1553,209097.28,107177.71,2910.28,44720.59,99031.62,172404.21,72473.25709,1967.922907,23461.89,115946.61
4/30/2013,1442164.64,38501.79881,24412.88654,5180.303073,4163.484518,4745.124681,18506.11783,2104.612171,2297,26871,46574.05,4575690,430784.1553,252199.42,135730.97,5577.5,51426.98,126031,191219.67,80510.34347,3308.356528,24038.5,143859.9
5/1/2013,1830863.34,37659.4903,23509.94952,5260.826462,4324.426799,4564.287521,19526.591,2104.612171,2364,27266,21731.1,2581710,129677.9675,280751.67,159906.02,5866.47,60509.65,127260.43,223205.01,99895.4085,3664.861505,32772.79,156984.51
5/2/2013,1178936.36,35364.27282,21328.1407,5154.45858,4199.423205,4682.250342,15849.547,2182.006851,2592,23029,14897.95,1622980,129677.9675,176246.06,123489.66,3173.43,29498.93,91861.38,153630.61,73792.54357,1896.316433,19218.53,110070.92
5/3/2013,812315.55,30360.56715,17485.44912,5013.35838,3604.121053,4257.638599,12972.65577,2182.006851,2088,19009,28957.8,3104570,129677.9675,130180.25,94408.62,3418.72,29127.97,73560.8,110963.33,57687.65757,2088.982433,16778.62,85606.09
5/4/2013,803455.43,27514.45349,15213.93456,5086.442677,3300.074439,3914.001812,11916.39048,1690.922811,1960,18472,20095.7,2093910,129677.9675,137391.6,82718.95,2238.62,29994.66,76950.18,116705.82,56962.69073,1541.579272,15760.22,83256.33
5/5/2013,1389293.59,37976.53746,20873.20338,7572.203963,4407.028069,5124.102052,16662.42586,1690.922811,2679,26767,55867.95,5031510,129677.9675,218088.51,137948.36,4580.27,53816.5,115512.14,190313.73,91825.13946,3048.850537,27302.23,128042.66
5/6/2013,1470275.79,51643.71258,31375.81135,9294.973511,5421.59065,5551.337064,18759.04882,2311.820668,3212,27031,0,0,129677.9675,220610.43,136241.17,4485.42,55646.8,118568.42,194739.37,99783.02854,3285.121464,25408.09,131352.34
5/7/2013,1395787.06,45555.38374,27721.87982,7109.964135,5327.961276,5395.578507,18899.83117,2311.820668,1284,26278,0,0,129677.9675,218674.21,126900.55,5819.05,52152.53,107715.64,182855.62,93888.40833,4305.271668,25801.6,118752.2
5/8/2013,1114576.17,39702.35046,22282.46191,7244.757765,5027.398269,5147.732509,15354.82033,1237.931389,2053,23331,0,0,129677.9675,174595.06,101048.99,3215.75,38687.15,87327.89,150548.63,68344.68122,2174.978777,20912.54,108675.22
5/9/2013,793569.75,34807.57408,19343.39062,6402.165887,4517.82433,4544.193246,12525.65193,1237.931389,2354,18661,0,0,129677.9675,119105.5,186644.81,2945.96,28270.5,67575.99,115474.31,54020.02007,852.6399331,14859.32,78084.44
5/10/2013,652221.26,26678.62988,14868.8394,3882.921454,3814.632666,4112.236365,10598.44501,1149.199387,2125,15469,0,0,129677.9675,118077.72,69094.99,2070.11,23803.94,62526.03,94701.06,40577.465,1215.715004,12003.88,63661.44
5/11/2013,617694.43,25724.83257,14135.89979,3698.684412,3781.820831,4108.427535,10013.04497,1149.199387,2000,15676,0,0,129677.9675,119824.08,57935.15,1856.26,21918.47,57907.47,96002.18,40291.27517,1290.944831,11978.01,64484.36
5/12/2013,731432.31,29180.59194,15516.70099,5543.93938,3527.7001,4592.251464,11379.50865,1534.668352,1815,17070,0,0,129677.9675,144282.31,69068.65,2755.66,28095.34,64306.49,115651.99,47224.67784,1884.142165,12943.62,67650.44
5/13/2013,987166.64,38565.68048,21489.22951,7555.65638,3933.875477,5586.919115,14057.55476,1534.668352,3091,22832,0,0,129677.9675,161393.01,82144.78,2580.2,34952.51,90021.69,139939.22,58080.32407,1824.32593,20295.57,90622.33
5/14/2013,889925.36,34220.60296,18917.25697,6151.906707,3734.182432,5417.25685,13932.68002,1775.407005,3773,22813,0,0,129677.9675,153224.61,69277.9,2761.16,32775.5,82723.81,125652.8,53031.79928,2113.650716,18881.79,99617.41
5/15/2013,889079.35,33501.78754,18523.26417,6525.774053,3523.943694,4928.80563,13157.97942,1775.407005,3217,18265,0,0,129677.9675,155223.25,73368.89,2728.85,32255.03,71006.4,124464.21,48261.66693,1795.023065,16319.72,83042.49
5/16/2013,709205.45,31344.60561,17972.99828,5906.306596,3034.516332,4430.784398,12112.05408,2798.106258,2505,16778,0,0,129677.9675,121684.98,62759.11,2071.64,21415.45,61069.41,96265.95,38370.84188,1266.598122,11378.93,70494.8
5/17/2013,593622.49,23919.93369,13269.86675,3949.772454,2855.693724,3844.600758,9800.678381,2798.106258,1921,13991,0,0,129677.9675,105044.63,57288.26,1719.94,16995.68,54856.66,83011.57,34289.69569,1029.464313,10404.31,61389.09
5/18/2013,537764.29,20765.22982,10695.39689,4272.612193,2519.045367,3278.175376,9787.952293,2875.923751,1516,12795,0,0,129677.9675,101535.18,49659.48,1965.35,16527.1,49711.11,76736.88,31104.22273,1230.997267,8869.72,55938.41
5/19/2013,809925.52,28957.69892,14698.78918,6411.672619,3498.928119,4348.309001,13612.14168,2875.923751,2021,17107,0,0,129677.9675,156362.56,70552.07,2874.48,27608.8,71429.24,121930.26,48416.37731,1972.612685,14379.54,80907.57
5/20/2013,961282.32,30462.90606,17006.42049,4214.533072,4407.68931,4834.263186,13175.47779,3087.547216,2409,19499,48189.05,6427800,129677.9675,159339.61,79643.72,3857.39,32126.06,84216.2,132080.59,50106.52699,2426.813013,16268.22,100254.39
5/21/2013,942746.43,28962.69363,16247.72036,3551.865665,4630.530116,4532.577487,13612.14168,3087.547216,3400,19838,37850.5,4177400,129677.9675,161866.57,80262.39,4916.28,32400.17,81878.02,123839.9,46159.39696,2827.383038,18046.08,105626.87
5/22/2013,1296436.93,29106.00728,16093.14711,3935.984634,4505.368921,4571.506614,15442.31219,2718.027199,4190,21683,37024.3,4510570,129677.9675,191032.52,84651.65,3879.26,41150.23,97410.74,148373.25,56440.50828,2586.451725,20206.35,135338.63
5/23/2013,728905.99,22589.45712,9717.86478,4160.242157,4360.187117,4351.163064,13741.7887,2718.027199,3346,19179,26882.1,3421800,129677.9675,117406.68,65741.38,2436.93,26018.82,73424.54,93495.66,39318.79389,1457.486113,12648.85,90147.58
5/24/2013,652547.72,17353.27876,5938.635641,3858.33621,3850.865062,3705.441844,13274.10497,2127.021328,2203,20158,36448,3967040,129677.9675,105178.8,62786.06,2846.99,22658.09,73575.35,82455.12,43101.07202,1954.387981,11284.45,91837.1
5/25/2013,578219.31,16086.91434,5349.010171,3803.037604,3547.689348,3387.177215,10475.16104,2127.021328,1857,17569,37306.5,4936000,129677.9675,99502.31,49129.2,1695.84,20765.47,61302.61,77504.39,32450.32096,1120.119039,10069.57,77252.13
5/26/2013,619493.15,17167.11106,5814.272033,3844.831532,4083.317651,3424.689845,11270.54152,2309.441109,1637,18651,32943.45,4801540,129677.9675,98348.39,56692.96,2111.92,20595.08,68536.93,74834.65,37325.28262,1390.437382,10457.14,83673.28
5/27/2013,1199131.66,21084.25023,7579.349769,3999.834946,4745.07218,4759.993335,17222.37372,2309.441109,3318,26504,43316.85,5125290,129677.9675,169243.14,81488.44,3507.69,42053.24,94011.22,139127.66,59018.21632,2540.453679,23345.98,124171.92
5/28/2013,1500413.48,27623.03582,10683.62365,5120.345774,6361.169849,5457.896553,21293.92644,3451.904966,2102,32284,34993.65,4085100,129677.9675,193265.52,90102.28,4363.11,56144.03,107546.81,148649.98,73295.66309,3549.266906,34075.41,154153.7
5/29/2013,1153486.56,29984.27591,11511.96598,6604.020707,7217.780376,4650.508847,19474.89126,3451.904966,2125,38357,21521.15,3592110,129677.9675,153950.9,86619.06,4448.03,32483.56,112324.17,122637.73,53012.25428,2722.265716,17047.02,155886.53
5/30/2013,880341.92,30284.60827,11734.6184,6513.612703,7454.408896,4581.968272,16458.01307,4042.547019,2914,34817,51255.85,5410400,129677.9675,119989.96,75799.62,3609.45,30201.83,106943.05,96300.65,45717.32798,2176.982015,14323.71,150624.26
5/31/2013,853814.36,26082.63512,9330.597737,5748.532869,6676.937015,4326.567504,16559.02639,4042.547019,2756,36173,42851.9,3892900,129677.9675,133616.9,78860.69,4685.16,32871.85,115511.81,96935.66,41989.18765,2494.602348,13267.5,172251.74
6/1/2013,699535.79,23082.93446,7607.418505,5706.676206,5835.383954,3933.455793,10652.53088,4437.229403,2102,22060,46106.55,6295170,165955.0472,108554.97,54687.32,5023.51,22395.05,74422.17,84708.81,35319.92509,3244.444908,12841.95,101602.76
6/2/2013,1044542.36,28715.46705,9494.173816,6525.522372,7760.931875,4934.83899,13064.91991,4437.229403,2528,27718,26359.35,4206970,165955.0472,165571.24,87716.43,7443.06,38012.82,96899.24,132450.47,57062.91306,4841.99694,17272.5,136442.36
6/3/2013,1158434.42,34611.66849,11003.55692,8053.173628,9727.266338,5827.671598,16927.28756,5950.00974,3200,32595,35435.65,4929900,165955.0472,176742.77,95343.1,7972.99,41401.2,118479.89,141316.2,64192.51278,5368.047216,19794.15,155079.64
6/4/2013,1179293.35,32353.51234,9028.376855,7392.982926,10196.5784,5735.574158,17137.26801,5950.00974,3896,32454,35285.2,5251570,165955.0472,190119.79,106766.61,8704.16,43077.02,118278.6,146147.45,63155.16778,5148.732222,19125.88,150578.39
6/5/2013,1645956.62,32509.75376,8217.935671,7724.563001,10643.58259,5923.672505,20428.55247,5594.39343,5209,38319,26640.7,4123470,165955.0472,229582.61,137096.09,10637.41,62257.16,140244,179563.81,83352.12315,6467.366854,27579.37,202450.18
6/6/2013,1183240.71,28972.02178,6554.052919,8386.044584,9352.727421,4679.196852,18930.85101,5594.39343,4862,33000,56740.9,6364090,165955.0472,163674.49,104847.53,8618.55,42349.32,117087.52,132933.73,67799.11875,5573.141254,19553.85,159435.57
6/7/2013,905681.09,25235.11133,5409.953802,8493.178556,7275.775355,4056.203613,17981.96209,6991.95196,4323,31701,49839.75,5411610,165955.0472,132230.04,89431.97,9266.89,38743.99,95882.19,103651.49,54690.6825,5667.017497,18151.88,150117.58
6/8/2013,795235.25,23448.55463,4542.514432,8559.411155,6974.572261,3372.056786,15381.86327,6991.95196,3940,30514,20690.7,3712670,165955.0472,123351.19,78867.61,9086.1,33679.01,94801.21,101663.13,52111.41115,6003.598852,17823.69,121004.76
6/9/2013,1305259.99,27363.25905,5415.462634,9487.563133,7955.357461,4504.875826,21556.402,7273.290617,4239,47885,28175.8,3967670,165955.0472,182453.8,117339.09,15329.34,53447.18,138265.8,152340.27,76379.95738,9978.382617,28041.76,200408.56
6/10/2013,1424979.05,33706.82188,7508.668531,11144.51018,10266.57772,4787.065449,22836.16921,7273.290617,4826,36267,0,0,165955.0472,194193.01,134149.5,18382.67,45379.98,134316.89,166934.71,90699.52341,12428.66659,21435.57,172600.41
6/11/2013,1309970.59,31164.13567,6708.122423,10362.40039,9899.908385,4193.704471,23836.75786,6798.194857,3850,33941,0,0,165955.0472,179190.73,117086.42,16407.02,39243.06,121451.79,147248.03,81269.02042,11388.01958,21416.36,159362.2
6/12/2013,944188.3,29855.36936,6089.94541,11557.80006,8539.652677,3667.97121,23330.89587,6798.194857,4821,34798,0,0,165955.0472,134649.79,82179.1,13905.39,31281.32,125648.62,118490.43,51558.8004,8724.179597,15092.99,160230.06
6/13/2013,804105.97,27243.34485,6159.1785,9419.977438,8235.962775,3428.22614,24951.88131,5787.373735,4452,35589,0,0,165955.0472,124089.95,72694.79,11137.65,26368.18,137738.82,96636.66,44908.2039,6880.436097,12100.6,180744.79
6/14/2013,626233.15,21048.52117,5517.140324,6188.401539,6429.206435,2913.772868,15698.4247,5787.373735,4169,23001,0,0,165955.0472,94931.52,56966.08,8722.15,20191.56,77816.72,78382.12,43149.49513,6606.674866,10935.75,90811.19
6/15/2013,504315.86,18393.39149,5257.741607,5060.713569,5528.378217,2546.558101,13064.12453,5361.747246,2727,19113,0,0,165955.0472,84328.99,39436.02,7724,16064.91,62641.39,63987.35,31189.87311,6108.896889,8597.02,71525.84
6/16/2013,679983.33,20546.63878,6193.637669,5384.434662,6051.383321,2917.183125,15054.16651,5361.747246,3380,21579,0,0,165955.0472,101498.96,50798.99,9182.38,23498.35,75717.17,86439.76,40776.7425,7370.767505,12198.5,90745.75
6/17/2013,794324.34,23402.46895,6943.890722,7895.505091,5317.489184,3245.583956,15945.78804,5066.917864,3842,22719,0,0,165955.0472,115632.84,57038.87,9835.16,23548.68,79343.52,93357.1,48333.83175,8334.158245,12324.22,100699.06
6/18/2013,831652.09,22215.82103,6824.773593,7069.062501,4911.303187,3410.681745,14859.29829,5066.917864,3712,23980,0,0,165955.0472,119076.13,58804.19,10425.68,26467.4,86560.93,90448.91,47176.14286,8364.087136,12361.81,112132.92
6/19/2013,717555.19,20188.6264,6353.688133,5927.64926,4539.828282,3367.460726,16147.81468,3338.010597,1964,21937,0,0,165955.0472,94315.89,49298.99,6610.59,19137.36,71279.68,85617.97,41571.27338,5574.366617,11753.63,89698.36
6/20/2013,665136.13,18566.92556,5982.055801,5418.641895,3951.010746,3215.21712,15169.49668,3338.010597,1736,22728,0,0,165955.0472,86706.57,48727.16,4529.22,20008.97,76793.64,75097.48,40935.09712,3804.942881,10421.1,98023.92
6/21/2013,560455.17,15875.13308,4564.591775,4573.856987,3398.740503,3337.943811,13518.28678,3915.329085,1980,20412,0,0,165955.0472,76463.1,42833.82,3464.86,19854.75,67175.73,60400.42,32744.03067,2648.689332,9746.42,90042.81
6/22/2013,528281.68,14165.95233,3823.845507,4392.936035,3168.596646,2780.574145,12873.23321,3915.329085,1637,20242,0,0,165955.0472,76269.32,36898.25,3629.95,18414.27,67187.11,64217.75,31629.17713,3111.592868,10161.15,89941.99
6/23/2013,881715.86,18437.81939,5378.023469,5468.673027,3910.643961,3680.478933,17128.51882,5578.237992,1871,34440,0,0,165955.0472,118209.03,55953.44,5881.95,28576.09,110935.81,100534.74,47718.8757,5016.314295,15778.59,153244.16
6/24/2013,1102377.63,25106.41405,10054.72297,5680.369957,4807.254002,4564.067123,18411.46755,5578.237992,2744,43724,0,0,165955.0472,137832.09,67706.26,8743.22,35316.25,133842.2,112760.74,52512.63279,6781.197208,18753.97,187481.72
6/25/2013,1345111.51,27612.55306,15139.91673,3614.855356,4662.775321,4195.005649,20641.71444,5166.34805,3391,64663,0,0,165955.0472,156434.54,78975.04,11531.09,45898.83,173601.49,125923.74,58037.87127,8474.068731,22697.27,258183.96
6/26/2013,1150253.67,24993.48767,14976.97009,1900.228191,4273.745419,3842.54397,21382.21368,5166.34805,3942,50559,0,0,165955.0472,140278.06,65566.09,10677.45,35144.19,131072.18,107106.91,50412.59886,8209.701138,19288.18,186428.66
6/27/2013,731150.24,20708.0953,11739.01467,1772.968563,3935.428549,3260.683518,19221.96027,5096.859015,3262,35382,0,0,165955.0472,96377.31,55092.13,7745.66,25188.9,97366.52,75137.59,40877.82549,5747.204507,11545.64,135878.93
6/28/2013,565538.3,15264.64774,7503.589854,1468.323837,3271.680276,3021.053773,16330.75219,5096.859015,2253,17710,0,0,165955.0472,88841.01,44625.75,7654.41,18757.78,57441.91,67131.75,34138.96985,5855.67015,9602.3,78128.02
6/29/2013,606182.47,15204.44893,6345.954673,2538.530846,3392.05645,2927.906959,11731.86221,4947.261422,2195,15488,0,0,165955.0472,86616.87,38927.98,5318.31,20604.62,53566.15,65935.81,35357.10952,4830.460484,12849.29,72614.59
6/30/2013,898029.65,19641.88639,7972.776086,4295.980316,4015.18636,3357.943631,10608.78496,4947.261422,2661,22832,0,0,165955.0472,123592.89,57261.88,7284.83,30779.61,81915.12,99852.69,56147.11934,7143.010662,16543,113217.04
7/1/2013,816414.35,25497.28947,12391.62242,5853.727857,3407.678067,3844.261131,7964.007301,5299.858357,3338,15761,0,0,298437.9701,119143.3,55926.95,10313.31,23436.22,73045.54,101322.88,41565.81161,7665.018394,13365.25,91945.78
7/2/2013,765234.56,22735.77463,11350.5754,5873.084645,2299.833029,3212.281552,9105.736379,5299.868361,2145,15023,0,0,298437.9701,108497.69,59408.44,8756.23,26067.65,69269.37,92700.12,41093.37378,6056.766216,14170.8,89575.8
7/3/2013,584545.76,19130.51286,8685.802347,5455.137109,2045.009315,2944.564088,7849.068133,3233.040855,2032,12816,0,0,298437.9701,87587.12,48929.22,5525.51,18748.99,54977.99,74774.38,33025.0376,3729.472399,10505.32,68395.7
7/4/2013,428324.37,12875.73377,4901.996463,4194.77624,1409.989577,2368.971485,5835.504174,3233.040855,1595,10063,0,0,298437.9701,70880.22,39711.41,3813.87,14960.29,43772.36,58379.45,25351.36384,2434.736163,7935.97,52342.97
7/5/2013,693563.54,17195.92592,6172.746717,6039.336388,1789.780936,3194.061879,8878.412245,3262.334,2304,13690,0,0,298437.9701,92450.53,53934.66,5283.61,26345.55,54860.86,78919.93,34793.69911,3408.500889,16314.96,67458.7
7/6/2013,770849.19,16184.2643,5260.046789,5959.239583,1719.701947,3245.27598,9425.011848,3262.334,3450,15472,0,0,298437.9701,100952.82,52039.41,4349.37,26390.18,57535.21,85114.04,40365.16461,3373.655389,16147.68,80657.1
7/7/2013,1466021.8,21223.02853,7182.483408,7089.427393,2488.492901,4462.624833,15199.21513,2906.064121,5069,24219,0,0,298437.9701,175584.73,89790.41,9523.74,56606.55,89489.13,144105.67,67969.90144,7209.318558,33607.94,134233.35
7/8/2013,818564.01,24895.3843,9874.826538,8036.336163,2919.618678,4064.602922,9866.037696,2906.064121,5045,15665,0,0,298437.9701,120151.11,68903.21,4398.12,27364.8,71775.32,108179.06,48540.36848,3098.35152,15367.06,91410.54
7/9/2013,847736.99,22603.43645,8492.88834,7311.98976,3033.989159,3764.569189,11342.36747,2680.77302,2978,13450,0,0,298437.9701,136418.35,75779.43,4092.36,31728.59,64143.23,104897.62,52210.67689,2819.563114,17097.48,95556.63
7/10/2013,917005.21,20709.29124,7502.071159,6801.860913,2926.442858,3478.916312,11604.59905,2680.77302,3539,13402,0,0,298437.9701,149681.24,77929.74,3328.78,38618.5,68361.07,108353.54,49749.63713,2125.062872,17208.04,94692.65
7/11/2013,612635.31,18279.9519,6580.53478,5743.18478,2526.419579,3429.812757,11791.05592,2480.913331,2901,11556,0,0,298437.9701,90519.74,53361,2533.72,21985.67,50336.32,76862.67,36452.59533,1730.864673,10933.94,59062.36
7/12/2013,511015.11,15856.14686,5490.745319,5338.229668,2212.245215,2814.926661,9146.603639,2480.913331,1989,10376,0,0,298437.9701,78074.06,46088.53,2440.85,18619.5,48886.54,63797.67,32374.31525,1714.544755,8882.87,57734.1
7/13/2013,630606.57,15240.987,4972.283312,5634.654363,1776.384104,2857.665225,9755.355533,2612.862545,2504,12551,0,0,298437.9701,82808.18,45292.31,3277.45,21770.87,45066.68,70176.5,34448.93051,2492.799491,13914.8,56824.73
7/14/2013,775626.29,21891.32766,9249.791716,6896.305949,2365.100147,3380.129846,12008.16324,2612.862545,3700,15584,0,0,298437.9701,107034.9,61755.21,2877.24,30047.04,65642.3,90992.48,48038.79229,2238.177714,17697.23,75298.59
7/15/2013,786243.5,26842.78788,12931.4974,7130.449013,3101.782395,3679.059072,12606.69832,3767.830846,3046,14019,0,0,298437.9701,114007.85,63818.85,3141.78,23028.01,58049.69,98265.46,50343.964,2478.416004,14805.83,71906.06
7/16/2013,753893.78,25203.54371,10868.65099,7071.689352,2868.776397,4394.42697,11307.46001,3767.830846,2102,12992,0,0,298437.9701,112439.02,60031.27,3255.16,22228.14,62873.87,92047.7,43919.1786,2381.491403,11547.07,71831.02
7/17/2013,872462.87,21787.65233,9519.576037,4943.772622,2922.637048,4401.666622,11251.26753,1196.476929,2062,13875,0,0,298437.9701,125695.84,62567.33,2823.41,24382.76,62035.47,102227.39,43573.54264,1966.297363,14259.9,83734.45
7/18/2013,651613.97,21715.05772,8326.559912,6009.141323,2956.047115,4423.309372,9864.334894,1196.476929,2039,13442,0,0,298437.9701,107867.44,59010.03,1161.01,22467.82,58810.31,84015.66,38825.01593,763.8740693,11597.13,77797.56
7/19/2013,646224.85,18554.53751,7123.788998,5234.270251,2474.308687,3722.169571,12228.67617,50.93285656,1982,12037,0,0,298437.9701,104271.65,57382.57,995.8,20294.75,54366.86,79295.25,34303.33024,595.2897588,10028.83,71398.05
7/20/2013,561691.63,18909.61305,6424.191204,6556.212621,2307.991422,3621.217807,8662.156327,50.93285656,1596,12093,0,0,298437.9701,94509.91,49005.97,591.35,20035.72,51791.71,72691.82,35006.02589,422.4141142,11490.42,70084.7
7/21/2013,775237.54,25032.26128,10092.78435,7965.283593,3001.191591,3973.001748,10743.83239,659.8961341,538,16900,0,0,298437.9701,130434.7,65854.35,432.2,22131.21,76546.93,100950.92,47696.70803,313.0319745,13339.3,99762.02
7/22/2013,927689.74,30021.59377,13689.55978,8819.409555,3372.879206,4139.745225,13539.83409,659.8961341,1690,19508,0,0,298437.9701,141470.57,73200.67,984.83,28054.61,88802.25,111395.1,50120.44759,674.3124127,13996.67,124197.53
7/23/2013,980357.11,25798.90863,10950.94578,7646.395892,3263.23317,3938.333786,13900.82822,1341.502011,2321,22903,0,0,298437.9701,151811.34,79258.91,831.65,30613.16,110061.92,114139.38,48944.81059,513.569411,16661.77,147622.63
7/24/2013,1280403.67,22100.44885,9165.572231,6671.173808,3291.043832,2972.658974,13138.8241,1341.502011,2984,15616,0,0,298437.9701,154957.72,79582.18,1076.15,41894.83,69932.84,135774.21,55025.88252,744.0874763,19796.26,109155.47
7/25/2013,646633.97,20957.89206,9479.035549,5674.483767,2987.871278,2816.501462,11900.88669,1361.22086,2666,14902,0,0,298437.9701,97692.53,64546,1035.04,21622.49,53161.97,81454.47,40949.89988,656.6601241,11660.58,63478.28
7/26/2013,556483.2,17775.43354,8821.268621,4390.019579,1912.52853,2651.616813,10880.90799,1361.22086,1948,14389,0,0,298437.9701,90272.09,54602.46,429.68,18816.34,51292.41,70628.17,33531.67115,263.8688524,10086.53,58958.57
7/27/2013,623808.28,16874.62124,7835.416638,4516.266722,1979.381328,2543.556549,10593.98577,1172.446145,1679,16443,0,0,298437.9701,89928.16,47833.83,264.1,20451.5,54743.58,75041.33,34308.36675,189.4232525,11076.73,63657.5
7/28/2013,897661.78,21893.50349,10691.26638,5616.347199,2494.24527,3091.644641,13567.93034,1172.446145,2165,18794,0,0,298437.9701,128804.03,73219.41,577.98,32641.1,69556.88,108631.16,50061.87118,395.1788235,18021.34,86015.45
7/29/2013,860818.13,28297.0364,14435.39588,6795.463357,3173.10816,3893.069003,13367.85104,1222.618661,1069,19541,0,0,298437.9701,135117.67,72108.2,493.53,33599.05,71419.7,107006.81,45712.25173,312.8682674,14539.93,87064.61
7/30/2013,945053.17,29276.20614,13411.69354,6683.159603,4647.599156,4533.753843,13355.08002,1222.618661,1764,24155,0,0,298437.9701,170051.23,84065.5,762.55,32085.62,82625.96,124868.33,49285.7438,447.0662035,17087.51,102244.43
7/31/2013,1451870.34,27998.29297,12123.20478,6464.830213,4772.468403,4637.789566,17184.68285,1212.234,3319,33592,0,0,298437.9701,239403.15,112773.92,725.58,51665.54,114873.27,170475.57,63725.14659,410.0034109,24246.66,160701.43
8/1/2013,657826.89,25037.63061,9898.47049,6385.837966,4152.890453,4600.4317,11443.68421,1212.234,3244,20817,0,0,143700.8342,113107.01,62583.13,326.8,20112.28,62058.53,86046.39,39837.14622,208.0237819,10760.27,73720.02
8/2/2013,531242.86,21667.25633,7590.566662,6248.949982,3891.494402,3936.245282,9495.678152,930.2374521,2090,15809,0,0,143700.8342,94641.46,53264.58,263.47,17388.47,51438.07,69763.89,36763.45183,181.8481748,8914.87,59537.19
8/3/2013,572473.3,21228.77021,7304.716976,6521.370086,3768.254442,3634.428707,8817.962756,930.2374521,1825,14413,0,0,143700.8342,94595.6,49334.38,21.78,18379.51,49178.95,76483.37,33838.62102,14.93897695,10415.02,56263.4
8/4/2013,724885.68,25085.94684,9582.841734,7204.96821,4010.162644,4287.97425,10543.75309,1545.123387,1934,19549,0,0,143700.8342,123596.09,63271.33,582.9,22112.87,65790.89,100865.05,38968.81189,359.0081077,13147.91,78547.86
8/5/2013,870981.83,30495.99376,13295.42017,7731.872786,4505.84467,4962.856134,13452.99117,1545.123387,2685,22165,0,0,143700.8342,140178.98,71979.76,455.35,30808.57,66994.12,114579.99,46219.78973,292.3902671,16095.28,87653.51
8/6/2013,901208.01,29359.4308,12546.95958,7412.84297,4512.122048,4887.506196,13240.99225,1745.623363,3045,22149,0,0,143700.8342,139598.42,65859.46,1658.23,32210.91,73099.21,113043.71,48485.92624,1220.793755,16768.51,93025.57
8/7/2013,862994.4,26274.23807,11279.05269,5256.186149,4250.047525,5488.951708,14896.96769,1745.623363,2823,34603,0,0,143700.8342,137081.18,70973.05,2146.08,26526.6,86974.48,108987.87,43677.57926,1320.720742,12540.51,107898.89
8/8/2013,661808.43,22333.81585,9689.895973,4386.312424,3769.88407,4487.723384,14782.02852,1605.660554,2568,29732,0,0,143700.8342,109098.89,53813.47,1668.05,21815.27,74897.77,81241.96,32312.27994,1001.580061,11412.75,96302.52
8/9/2013,577929.67,19476.42372,8197.064859,4108.774065,3223.917641,3946.667151,14616.00528,1605.660554,2700,24251,0,0,143700.8342,97482.65,50407.52,2124.9,20665.7,66805.16,79921,30783.17305,1297.646947,11386.16,79379.65
8/10/2013,804793.15,15719.61935,6797.661425,2687.170361,2208.548756,4026.238812,15188.14692,1039.896663,2940,24636,0,0,143700.8342,116445.5,60867.93,2227.91,28998.36,68904.66,89996.79,42002.46073,1537.389267,15836.77,89138.91
8/11/2013,1453190.24,20874.285,9493.755813,3404.101874,2696.24727,5280.180045,21229.69019,1039.906667,4824,30350,0,0,143700.8342,188691.06,93624.56,2586.6,51047.69,90098.82,144630.95,72383.68931,1999.770688,32146.43,133366.89
8/12/2013,800137.34,26424.76383,13664.24263,5231.83133,2615.133772,4913.556107,17331.12386,1858.313934,4935,24973,0,0,143700.8342,130160.74,73238.57,1313.73,24138.44,78064.99,101487.44,47414.84766,850.5123436,13429.78,96500.23
8/13/2013,747117.9,24779.30708,12708.66153,5388.0108,2173.859268,4508.775473,17337.93507,1858.313934,2760,24356,0,0,143700.8342,122743.12,68467.17,941.59,23908.56,78167.47,100667.15,43709.68558,601.1144151,13852.48,94512.65
8/14/2013,720794.14,24171.74841,11799.17708,6123.763464,1968.707664,4280.100196,14575.98942,2052.451055,2254,21707,0,0,143700.8342,123138.18,64932.89,1591.87,20721.55,75708,97316.65,39208.4408,961.2192012,12413.98,94734.78
8/15/2013,607160.88,22768.82356,10455.02324,5652.709794,2336.523889,4324.566635,14193.71025,2052.46106,1864,19428,0,0,143700.8342,103095.86,60086.11,1946.82,21171.9,61450.77,80697.26,33005.7376,1069.402397,9667.4,78280.37
8/16/2013,562310.65,19540.08347,8537.781296,4970.085183,2065.36149,3966.855497,13963.83192,3329.594184,2181,19348,0,0,143700.8342,95252.36,57555.84,2349.44,22514.19,60708.78,71498.62,36114.46104,1474.198958,11937.3,74909.92
8/17/2013,650646.43,18766.04303,7922.337312,5017.602675,1980.628032,3845.475008,13647.11065,3329.58418,2287,19107,0,0,143700.8342,97733.35,49805.89,2258.18,22159.61,64719.15,81591.98,34126.66028,1547.289722,12547.56,81702.06
8/18/2013,899695.88,24398.11645,10363.24681,6373.491324,2587.705809,5073.672502,17162.54642,3613.561617,2933,25126,0,0,143700.8342,145918.17,70396.35,3170.89,34099.53,87448.22,115320.02,50375.60228,2269.087723,17448.05,109240.55
8/19/2013,849630.3,26240.80632,12236.88634,5600.019358,2851.56285,5552.337778,18195.29613,3613.561617,3003,25262,0,0,143700.8342,141982.98,67006.43,2328.32,31157.73,83569.18,112746.43,52044.90861,1808.441393,14274.02,104496.36
8/20/2013,810848.73,23974.60231,11546.65,4540.009169,2801.289252,5086.65389,18841.50968,5176.583036,2590,25407,0,0,143700.8342,139484.19,71240.66,3041.91,28691.71,85095.25,107994.28,46772.17172,1997.128281,15767.66,109256.74
8/21/2013,1057925.84,23885.61466,10904.83883,5496.19152,2661.306318,4823.277997,19349.79623,5176.583036,3462,25086,0,0,143700.8342,156703.13,79375.51,5704.3,37691.4,85936.77,125857.59,51329.5178,3688.7822,18698.93,124582.97
8/22/2013,790515.4,23431.26025,11592.16611,4857.726775,2363.120649,4618.246716,18502.65199,11201.89695,4424,26113,0,0,143700.8342,108256.76,62033.87,5411.78,27238.13,82319.23,92139.56,39490.31943,3445.10057,15374,110451.1
8/23/2013,566651.16,21373.0947,10724.42477,4655.768492,2105.814431,3887.087008,15893.10715,11201.89695,2783,23280,0,0,143700.8342,95319.71,47435.08,5934.44,18537.59,69899.04,73411.34,30910.31644,3867.083565,9268.16,95888.79
8/24/2013,774956.05,20424.40427,9866.427754,4529.368423,2124.034085,3904.574011,16469.5058,8900.634236,3119,26915,0,0,143700.8342,103007.56,48593.86,6344.56,24189.07,76808.41,86667.52,38402.99931,5014.010686,14224.41,106667.55
8/25/2013,978543.62,25938.44325,12891.26309,5574.013197,2573.762245,4899.404725,19889.58462,8900.634236,4109,32822,0,0,143700.8342,138429.68,69294.62,8010.42,35258.66,103481.44,113297.29,45777.54137,5291.858631,17861.91,147780
8/26/2013,868805.96,30057.6176,15457.57787,6311.32986,2779.20916,5509.500712,18687.40606,4388.159224,3096,29018,0,0,143700.8342,128523.98,58160.6,6274.71,29237.73,95259.17,110195.4,42293.88517,4562.914829,14734.47,130025.93
8/27/2013,863163.15,27068.32451,12969.55501,6476.837977,2620.842437,5001.08909,20726.51205,4388.159224,2530,34371,0,0,143700.8342,132850.1,56361.45,4254.58,30294.45,103039.61,101411.65,38439.76186,2901.718143,15012.97,145338.73
8/28/2013,1175424.39,22457.70052,9228.280203,6151.858539,2450.019502,4627.542271,19090.11885,1878.98321,2766,28930,0,0,143700.8342,147320.35,66172.56,4157.97,37796.02,101526.73,119262.44,47373.86113,2976.748872,19072.07,167324.24
8/29/2013,701266.27,21755.83884,8754.897015,6446.194688,2247.951787,4306.795352,18361.31938,1878.98321,2633,29684,0,0,143700.8342,109461.51,61293.33,2438.81,24337.78,109718.21,87470.74,36141.7021,1438.0479,11005.07,147134.24
8/30/2013,702280.75,20189.56041,8298.825898,5990.736009,2010.068242,3889.930258,19467.2896,2429.510264,2815,37043,0,0,143700.8342,111011.87,61462.58,2437.57,28392.73,138412.92,80173.15,33671.70006,1335.399944,12367.84,194695.84
8/31/2013,735823.95,19376.39053,8375.182221,5104.457801,2198.31252,3698.437983,20655.84575,2429.510264,2542,39771,0,0,143700.8342,119784.39,59508.06,2194.43,30456.16,125039.87,86215.45,37660.89019,1388.789809,12213.66,175173.71
9/1/2013,623566,21659.3055,9042.890163,6342.891665,2585.792059,3687.73161,15450.3785,5458.419513,2447,21964,0,0,310262.5357,118775.48,56449.96,3438.54,23622.44,73331.77,92309.91,39954.64045,2433.759552,11615.22,91196.04
9/2/2013,1096141.02,28794.16163,12455.82848,7944.176709,3235.914567,5158.241869,20378.28894,5458.419513,2442,32653,0,0,310262.5357,189805.74,92394.77,5798.96,36889.46,213599.46,155775.62,65281.08256,4097.227436,15317.05,173500.82
9/3/2013,1276178.05,29743.08218,14422.41443,6336.86566,3052.996146,5930.805938,23767.71732,7516.983311,3055,36858,0,0,310262.5357,184161.95,78514.7,5778.97,43570.81,132007.71,145836.55,61421.16676,4520.823236,24585.62,187464.13
9/4/2013,1668224.78,29872.52259,15663.49497,5835.639161,2823.183432,5550.205034,24532.27565,7516.983311,4315,32437,0,0,310262.5357,210717.83,99775.14,8687.22,56694.34,129185.34,167330.77,79507.95305,6922.59695,31864.84,203770.88
9/5/2013,841244.55,25629.50756,12548.35951,5183.690401,2699.801644,5197.656005,19136.94592,8100.455149,5034,23818,0,0,310262.5357,123817.75,67568.74,5065.15,32956.08,76305.08,100839.35,46398.36324,3478.156757,17794.08,108297.32
9/6/2013,694001.79,22464.24057,10050.27558,5477.895271,2522.077925,4413.991795,17314.94724,8100.455149,3621,20945,0,0,310262.5357,99271.05,52740.23,4123.81,26297.46,65265.79,78191.49,43126.87741,3372.132589,14101.44,90556.29
9/7/2013,672903.55,22140.78123,9875.734238,5468.851117,2474.899197,4321.296678,17412.85838,8717.592094,2877,21338,0,0,310262.5357,117356.08,49162.48,3987.88,27242.7,70161.15,83080.46,37864.96312,3071.466881,14268.24,91356.69
9/8/2013,927589.76,28073.46817,12605.91654,6795.507056,3250.044134,5422.000444,20745.24288,8717.592094,3491,26322,0,0,310262.5357,150291.62,74909.42,5259.04,34617.9,97164.09,119475.41,55918.40999,3925.770015,18703.92,125577.4
9/9/2013,1047564.9,31950.02337,14861.04236,6935.62132,4066.177742,6087.181951,22880.55722,4410.769371,3716,25864,0,0,310262.5357,143901.94,74277.51,5598.45,36385.64,90047.48,121601.38,56833.03618,4283.623823,20900.75,124434.23
9/10/2013,1215782,34904.01446,16273.94106,6963.934955,5486.097388,6180.041058,25805.12052,4410.769371,4277,28898,0,0,310262.5357,158995.93,79683.62,4144.45,43102.19,96093.36,129460.93,64459.88643,3352.643571,23985.33,141828.9
9/11/2013,1602316.55,36110.13202,17329.43456,7816.223486,4679.128212,6285.34576,30513.36943,3948.822068,5940,34876,0,0,310262.5357,201357.05,90879.05,4745.27,61653.89,114250.73,159719.26,72619.70576,3791.854241,35610.18,175040.94
9/12/2013,1319474.45,31807.30646,14946.67271,7073.635679,4398.396746,5388.601321,28932.31731,3948.822068,6268,31458,0,0,310262.5357,165147.75,78058.2,3583.85,46061.68,95564.6,126112.55,60416.02693,2773.853075,24219.85,149742.26
9/13/2013,702850.2,28195.65812,12139.31382,6842.576382,3918.911286,5294.856636,18540.11364,4266.974842,3730,24701,0,0,310262.5357,106857.09,53776.03,3384.54,24105.54,79521.12,85770.31,37768.35627,2377.053727,12267.14,119474.84
9/14/2013,873370.3,26769.31899,11135.78906,7445.323458,4243.988803,3944.21767,17609.53207,4266.974842,2207,27702,0,0,310262.5357,115179.22,49807.32,2932.38,26466.41,80154.51,95884.17,39254.74722,2311.102779,15580.89,135427.09
9/15/2013,1231084.76,34069.03806,14618.54375,9075.720638,5263.44783,5111.325844,24338.15616,4731.173155,2967,43222,0,0,310262.5357,179038.06,77794.08,4726.88,41577.77,123444.62,138328.92,59617.04287,3622.417125,21030.77,207427.87
9/16/2013,802024.23,36934.20543,16796.69012,9202.022416,5762.202951,5173.28995,23930.33496,4731.173155,2735,37805,0,0,310262.5357,137711.9,66331.06,4286.45,27332.11,100985.25,108530.14,47870.03926,3093.460738,11459.36,146278.79
9/17/2013,790486.46,33641.9152,15719.44453,8242.012697,5186.008809,4494.449164,20028.36303,3.321490547,2301,29548,0,0,310262.5357,127254.16,61380.73,2194.15,30420.94,89668.14,94484.88,42591.48103,1522.498968,11881.55,134850.38
9/18/2013,740245.22,23796.80176,7448.276155,7301.414258,4850.344907,4196.76644,18363.02218,3.321490547,2061,20343,0,0,310262.5357,125880.26,55656.76,1410.47,29633.95,69483.53,94412.3,39381.85347,998.0265267,13069.4,111416.22
9/19/2013,789648.25,16072.24522,2831.34189,4232.45128,4741.508145,4266.943902,18318.74932,0,1873,25615,0,0,310262.5357,132109.43,58417.33,1197.95,24954.28,86994.7,93259.69,41942.53463,860.1053721,12311.2,134733.52
9/20/2013,628376.75,14296.0908,3082.676921,2623.784261,4525.23446,4064.395159,19657.15208,0,2079,29251,0,0,310262.5357,98583.01,46614.57,471.86,21026.45,89248.55,72920.35,37992.72536,384.584635,9902.84,137604.31
9/21/2013,586032.67,31057.4463,16615.93676,5918.710573,4714.70373,3808.095235,15374.60379,0,1989,22975,0,0,310262.5357,100416.61,53239.93,648.25,22785.5,78564.24,76056.46,32745.57945,398.710552,10689.13,114206.89
9/22/2013,830759.61,39883.65801,22037.19395,7817.874995,5576.255032,4452.334031,20368.92353,0,2075,35326,0,0,310262.5357,139848.11,63353.39,690.24,29104.78,109113.35,104179.49,45080.62318,491.1568165,15735.03,168996.05
9/23/2013,939560.66,40002.92805,21662.36795,7968.706485,5275.751087,5096.102527,22544.25372,9405.250687,2744,34363,0,0,310262.5357,135136.01,67493.28,673.37,31561.93,103512.42,103987.84,50474.26607,503.5739342,15725.83,172137.61
9/24/2013,1061447.68,36805.77117,20601.32932,7660.383206,4005.405328,4538.65331,20198.64328,9405.260692,1385,30406,0,0,310262.5357,162990.9,66526.06,531.37,28608.76,92089.43,121413.53,46365.57974,370.3402563,16937.33,147770.29
9/25/2013,1327288.73,35557.51642,20202.0823,7898.102813,2966.666036,4490.665273,23622.97911,6470.893869,6,40574,0,0,310262.5357,228410.32,87104.9,398.74,39368.92,118558.87,156435.79,58588.98726,268.2027392,21004.34,200748.51
9/26/2013,631475.76,24105.44246,12089.77293,6902.167489,1500.234883,3613.267156,26339.8005,6470.893869,1041,42684,0,0,310262.5357,91530.27,51284.44,7920.72,18561.32,96510.18,75002.21,32794.0954,5064.944598,8926.4,136013.8
9/27/2013,589814.94,18153.48611,7550.9121,6567.105059,1289.374543,2746.094412,25760.84765,5297.847455,1565,40277,0,0,310262.5357,82763.27,44035.9,7334.18,19034.66,105102.23,61439.28,29982.20344,4993.536564,9777.1,162726.63
9/28/2013,703363.15,16463.90239,5889.248383,6503.708148,1480.64818,2590.297676,18734.23313,5297.847455,2936,19862,0,0,310262.5357,83114.42,44287.53,7410.02,21081.1,54117.87,71605.99,31658.08106,5296.908944,12443.93,80725.49
9/29/2013,934871.85,20633.94085,8846.738991,6499.136648,2003.758027,3284.307181,19738.0352,3817.623191,3989,25944,0,0,310262.5357,123212.81,65046.35,8734.9,25634.59,82627.6,107916.32,46455.6282,6238.401798,16479.18,119247.47
9/30/2013,838685.82,16253.23893,5606.745183,5551.091092,1598.376093,3497.026564,36141.1317,3817.623191,2615,33022,0,0,310262.5357,117690.46,63099.59,9593.2,22200.94,93508.32,94258.38,42621.1085,6479.801502,12289.06,127743.62
10/1/2013,678744.81,18806.30411,7460.722301,6134.182579,2005.554224,3205.845004,28778.19812,2198.851411,1041,18168,0,0,371207.1238,111636.51,53568.38,6008.3,17950.35,58802.72,85676.27,36240.83972,4064.820278,10323.91,74833.5
10/2/2013,715526.7,22808.20612,11293.057,6480.787246,1991.114816,3043.247064,32076.03303,2198.851411,1041,18271,0,0,371207.1238,109716.12,55705.08,4506.65,20795.4,60492.09,88448.86,37391.6244,3025.055598,11293.68,83379.81
10/3/2013,675755.98,26180.94903,13778.4802,7414.140684,1958.867877,3029.460262,28009.69009,1892.831263,715,21174,0,0,371207.1238,96903.91,58592.3,4776.04,21261.89,61537.4,77936.46,37544.02051,3060.329492,9473.74,84828.12
10/4/2013,562288.89,22625.29473,9788.58237,7758.181528,2155.379324,2923.151511,27433.01304,1892.831263,975,23234,0,0,371207.1238,86238.26,51075.56,2441.25,19127.23,61823.58,69151.26,28458.00738,1360.20262,8262.26,82250.28
10/5/2013,576406.74,21551.82359,7553.710378,8558.724869,2368.730971,3070.657372,26227.55669,1799.060245,1915,15733,0,0,371207.1238,98345.66,55162.54,3312.84,21688.05,47581.96,75946.08,35121.35298,2109.247018,11232.71,60085.79
10/6/2013,828191.38,26469.64443,10026.20945,9576.582415,3030.182732,3836.669835,31553.8265,1799.060245,3277,19067,0,0,371207.1238,134408.66,77197.55,5889.18,32573.1,67841.69,106046.99,50478.8343,3850.8857,17296.62,83790.88
10/7/2013,877624.01,31576.85662,12567.23457,10181.12762,4203.983887,4624.510551,44857.6596,1908.842899,2822,16557,0,0,371207.1238,141149.29,67823.36,4243.96,28969.63,57567.38,112085.55,48425.79765,3030.182347,14443.12,83935.84
10/8/2013,858574.43,29425.73068,12510.10618,8199.429335,4044.835303,4671.359858,34728.51066,1908.842899,2513,14431,0,0,371207.1238,137177.17,65899.61,4026.52,30186.58,55228.93,105126.59,50835.09422,3106.065781,14395.06,83727.67
10/9/2013,974394.29,27619.63663,12591.03247,6171.720525,3804.469583,5052.41406,35991.98996,2162.930174,2303,16182,0,0,371207.1238,149257.29,77767.23,3783.61,33125.07,63669.89,112594.54,50719.26498,2467.645024,14876.96,103231.84
10/10/2013,603766.82,24174.41621,11954.36885,4755.339412,3260.141438,4204.566512,31645.00541,2162.930174,2275,10723,0,0,371207.1238,99230.46,58993.84,3865.63,19504.11,43526.87,75406.64,36906.42014,2418.329861,9761.27,68562.94
10/11/2013,496803.56,20737.19082,9900.659888,3871.585648,2985.559271,3979.386009,30267.8485,1607.120506,2088,9299,0,0,371207.1238,87346.73,52567.3,2501.4,18770.21,40509.73,68060.7,32466.11897,1544.891025,9740.01,60465.05
10/12/2013,599864.1,20482.31532,9391.39895,4016.66743,3266.994095,3807.254845,28615.97069,1607.120506,1431,10189,0,0,371207.1238,95225.13,44564.31,2121.73,19263.4,43127.67,74276.34,33992.14622,1618.383778,9068.72,76067.34
10/13/2013,848211.19,27224.3407,13226.56558,5061.620563,4006.644836,4929.509716,32797.17538,1532.559454,2197,14431,0,0,371207.1238,143865.39,63420.05,1594.12,32272.73,63258.71,114308.8,45819.26165,1151.708354,17348.71,103494.11
10/14/2013,880673.13,33383.9181,17680.43638,6033.677709,3885.83856,5783.965452,33969.47576,1532.559454,2640,15967,0,0,371207.1238,144655.17,70864.03,1714.46,29692.77,64922.86,116146.23,51786.21217,1252.897829,12652.12,109044.64
10/15/2013,796068.79,30030.05381,16604.72776,5358.089444,3062.219882,5005.016728,35538.46365,4025.427282,2233,16201,0,0,371207.1238,130693.82,59228.46,1511.98,26391.99,63087.45,101770.97,43997.57302,1123.166978,13048.21,103740.03
10/16/2013,1248829.55,26296.89608,13035.49634,5137.465644,2966.714592,5157.219496,35978.9644,4025.427282,4398,15433,0,0,371207.1238,161158.44,69070.4,3619.54,40210.28,65587.76,128773.32,55893.73513,2929.03487,21770.32,153850.11
10/17/2013,663413.9,23056.48484,10666.97523,5021.262633,2778.325971,4589.921,24413.45145,4855.203841,3198,11247,0,0,371207.1238,114781.12,64862.2,3953.82,24706.33,52990.29,87838.95,35777.33291,2180.887087,11438.97,87882.3
10/18/2013,557140.69,20355.53045,9442.700286,4666.301999,2381.18919,3865.338975,22856.30499,4855.203841,1820,9552,0,0,371207.1238,105102.86,52531.14,3450.37,18941.35,44216,77255.25,30553.67226,2006.837738,9650.06,59084.03
10/19/2013,827041.59,20499.06235,9211.249841,4519.972978,2633.325717,4134.513815,24425.29287,4096.829985,3155,14581,0,0,371207.1238,110346.86,64228.25,3700.09,30596.83,53371.98,91210.92,46265.87462,2665.305376,16391.78,70884.16
10/20/2013,1245384.87,27243.68694,12712.31648,5715.998567,3430.209831,5385.162057,29744.45783,4096.829985,4695,20050,0,0,371207.1238,188613.47,87260.73,9094.49,43225.28,74597.59,149749.34,65807.21842,6858.561576,24316.74,109038.72
10/21/2013,841206.64,35556.20759,19595.41525,5723.771903,4827.245216,5409.775228,30997.27985,4494.13245,2336,12867,0,0,371207.1238,152867.27,66592.59,5405.45,26871.72,62009.3,116119.1,47615.49749,3865.042506,13922.78,79099.13
10/22/2013,867472.74,33459.48305,17654.0981,5682.259833,4971.313239,5151.811875,32407.59273,4494.13245,1421,13120,0,0,371207.1238,156736.04,73585.57,3721.63,33679.08,61135.57,114309.73,47846.68788,2419.872117,15291.5,82380.95
10/23/2013,962819.85,31812.0592,16966.54099,5249.974367,4963.341728,4632.202123,31363.17967,3873.956405,2417,12745,0,0,371207.1238,171934.66,72481.76,4460.93,35998.54,60508.92,120131.65,58340.31317,3590.586835,16746.11,85891.88
10/24/2013,886885.51,27548.58111,14207.94546,4845.064266,4038.425625,4457.145757,30708.34925,3873.956405,2281,12324,0,0,371207.1238,143234.01,71688.83,4723.13,27914.27,58105.6,108855.87,43489.28236,2865.237641,13659.28,76245.33
10/25/2013,776086.81,23168.23599,11063.43597,4143.044535,3619.460673,4342.294815,25815.47534,3357.61612,2095,11528,0,0,371207.1238,136379.02,61505.05,5037.8,24861,54451.91,102041.96,43678.68478,3577.665219,11105.1,71334.08
10/26/2013,877791.52,22559.75208,10521.75341,3778.655713,3893.774924,4365.568039,24611.20313,3357.61612,1805,11968,0,0,371207.1238,172004.28,74436.4,4658.16,30972.11,57247.37,120693.08,49654.50755,3107.332446,15552.91,79590.34
10/27/2013,2239414.17,36074.2088,18301.33202,6233.417366,5381.304381,6158.155033,34036.97185,1911.431547,2606,21698,0,0,371207.1238,392129.1,149348.54,9005.62,59990.31,117063.01,276747.72,106537.0076,6424.112391,31294.9,170129.56
10/28/2013,2597731.45,41859.45573,21521.2665,8023.731806,5702.246764,6612.210656,42293.9926,1911.431547,4620,24667,0,0,371207.1238,481089.19,172912.39,7419.31,87813.54,133613.08,309983.92,128340.449,5506.820979,40604.4,201028.3
10/29/2013,867596.76,41042.07256,23523.5931,7592.192397,4232.664448,5693.622615,29637.88507,3423.591657,4794,15723,0,0,371207.1238,153135.26,62863.32,2556.83,34012.87,65239.52,113895.64,54299.50472,2208.515278,16530.82,92494.18
10/30/2013,1066795.65,41948.55118,21781.39783,5720.601666,8544.507027,5902.044662,34807.84816,3930.916651,2870,23112,0,0,371207.1238,170641.39,87993.31,3280.89,37000.06,84496.44,129969.42,59030.70046,2200.99954,19414.25,129739.71
10/31/2013,1185448.34,32167.28799,16112.85502,4915.280208,5434.994747,5704.158017,47630.91969,6825.15482,3547,31381,0,0,371207.1238,182224.32,94909.46,11080.18,41283.75,112239.03,151473,63835.53699,7452.463013,23274,117056
11/1/2013,1674811.25,35783.14741,17906.18788,5459.503402,5979.089784,6438.366341,45898.52024,6821.30683,4130,22625,0,0,10033694.91,221976.02,109003.94,17104.22,53472.09,85440.94,169805.8,73851.06968,11588.25032,31156.86,123936.71
11/2/2013,1455968.26,40052.26651,21041.96894,5803.695748,7192.74794,6013.853881,34736.79965,4671.51979,4706,21408,0,0,10033694.91,264711.66,107142.98,30604.68,51352.82,93756.95,192221.5,63760.13211,18212.65789,25996.28,122056.89
11/3/2013,2623373.22,51755.97868,29377.51754,8272.511923,6742.666741,7363.282479,42291.62432,4685.102695,4454,30407,0,0,10033694.91,471961.96,184286.16,51172.19,91498.83,150612.74,343596.52,100113.4888,27799.30121,44048.59,207616.53
11/4/2013,1210921.71,54992.04285,34125.07238,8159.991398,5283.957755,7423.021317,33438.98024,4017.841245,4216,22035,60781.8,6395700,10033694.91,218107.82,87248.45,23655.57,36049.67,87916.98,171801.49,53340.30548,14462.09452,20416.51,114269.29
11/5/2013,1366328.12,49915.57418,33908.77161,7084.702804,2186.111168,6735.988599,32908.48471,4555.540373,2873,21848,49669.75,5900200,10033694.91,240844.82,99619.67,24816.93,40467.23,88316.32,184338.53,59984.32016,14943.09984,21496.31,126386.64
11/6/2013,1441336.33,49828.66989,34083.40841,6870.593558,2452.756982,6421.91094,33945.79293,3463.340893,2900,18299,54530.05,5319800,10033694.91,245940.1,102352.86,30455.4,47076.67,88031.7,183695.33,56210.76003,16725.67997,21918.96,122517.21
11/7/2013,1937582.06,45550.27511,30737.53998,6188.24589,2389.545216,6234.944026,41880.72712,4041.388945,3681,19329,54317.55,6228400,10033694.91,311184.83,123084.76,27756.75,53641.4,92091.36,233042.04,84885.97807,19142.57193,23514.71,136439.97
11/8/2013,1084344.79,39594.88925,25150.70332,6485.297222,2212.146455,5746.742259,28432.42872,5969.721663,3410,17418,60219.1,7728200,10033694.91,193371.13,95363.13,18429.6,36405.22,76959.05,146756.86,56418.21964,10903.22036,15747.36,100723.62
11/9/2013,1350915.55,43160.58915,27536.40246,6754.273847,2582.711877,6287.200967,25926.78467,5694.355503,2690,20200,43667.05,6776500,10033694.91,258480.27,122948.17,25594.85,47404.77,92659.95,178294.78,77974.47162,16232.40838,19851.74,117980.46
11/10/2013,2917003.82,62265.08793,41934.83489,8646.888486,3314.950688,8368.413871,39470.99856,8549.853908,4453,33788,74626.6,6645300,10033694.91,460090.94,227758.77,12042.89,93534.79,158334.91,326200.49,143380.5045,7581.335481,40805.54,221554.34
11/11/2013,2100628.7,70097.156,45786.34028,9216.237861,6335.029351,8759.548513,38906.16292,8575.740386,5793,25463,57088.55,6974100,10033694.91,389208.41,173783.74,29240.59,64281.54,131655.06,280913.81,105489.0428,17749.42724,27972.17,169140.99
11/12/2013,1936284.32,68324.94011,44348.8304,7915.430352,7862.112692,8198.566662,34605.35991,10867.45329,4209,26821,53983.5,6158400,10033694.91,373849.99,145529.91,42460.5,68834.35,137195.67,244070.02,84285.16781,24591.44219,28890.57,180589.92
11/13/2013,2799243.34,64093.32446,40599.46075,6836.843417,7637.841629,9019.178664,39542.04707,12169.9929,4864,35670,42932.65,4955500,10033694.91,487337.16,201596.58,59210.9,81373.72,193704.14,306031.3,101836.73,29910.45004,30815.78,284449.3
11/14/2013,1950580.99,60698.67111,37524.00194,6807.684989,7797.735674,8569.248509,35942.256,11321.97587,5326,26371,43616.05,5300400,10033694.91,372323.56,162328.9,54272.89,61087.04,117923.29,231908.28,82696.85288,27648.78712,25064.76,175751.63
11/15/2013,1782242.61,48720.05001,29226.36349,5381.269298,6616.429407,7495.987815,46430.19991,10969.06021,4292,26502,61547.65,8545300,10033694.91,345705.5,154655.17,60612.07,59723.31,113526.17,213880.02,69510.46231,27242.36769,19962.32,160972.97
11/16/2013,2681832.17,54377.35931,31952.27005,5765.260378,7614.125361,9045.703521,38886.03251,12091.04414,5827,34547,64117.2,7587000,10033694.91,458058.63,194170.92,67290.22,81114.39,138226.45,295412.64,104835.6278,36330.94215,35090.54,225711.85
11/17/2013,4970640.06,79033.83555,47542.73047,7424.081698,9388.392159,14678.63122,52328.4102,9982.50555,8713,47226,58325.3,10186800,10033694.91,815700.86,327269.4,82814.67,130906,214698.21,515207.38,184560.5285,46702.56146,52949.89,390870.58
11/18/2013,3505627.47,67756.73187,40060.27187,6972.263954,10467.09567,10257.10038,41777.70678,22046.42386,5077,29115,63922.55,6338600,10033694.91,522878.91,674507.03,186349.09,90075.14,149640.27,404996.87,140998.0067,38954.15329,44113.39,237537.01
11/19/2013,2644962.47,74895.21867,44199.69274,6617.932581,14703.24439,9374.348972,44153.09523,21970.18368,2680,26652,67549.5,6620600,10033694.91,377708.28,560096.89,155242,71172.15,130852.82,316585.86,118492.653,32842.597,35984.23,187157.33
11/20/2013,2781209.8,76852.10472,52621.36449,5244.916331,9740.229467,9245.594437,40825.65678,29584.19643,5912,28450,60789.45,6746300,10033694.91,520145.01,248489.16,80101.49,98804.67,156431.27,327256.29,115805.1421,37330.25791,35185.34,213764.46
11/21/2013,2634811.93,77163.65451,54216.91641,4758.637572,9229.453312,8958.647213,41800.20547,29582.75719,8511,36841,53359.6,6154300,10033694.91,512385.45,261717.83,81329.55,89350.01,171610.32,349441.54,132339.6213,41124.90865,37549.06,235257.12
11/22/2013,2442914.59,81829.16395,58957.9212,5122.292139,10016.94441,7732.006211,39759.92916,28101.22108,6491,32074,46288.45,6095500,10033694.91,500813.47,233847.68,92652.98,83165.67,151758.12,334022.99,114966.9794,45551.16065,36637.2,211182.5
11/23/2013,3364064.58,99766.4678,68026.02314,7999.899235,14845.62282,8894.922604,41696.001,27780.10881,7208,37721,51420.75,7281600,10033694.91,715188.32,335460.15,124369.7,105613.96,210123.49,465711.21,172231.6499,63853.78005,49371.42,273590.5
11/24/2013,7919787.93,157895.351,117567.8032,10616.2686,16663.75576,13047.52345,69402.55079,27449.09172,9935,63381,53518.55,6887000,10033694.91,1610809.35,760297.25,268860.35,225259.02,401903.45,1043387.32,395310.6273,139791.8427,103039.74,553999.25
11/25/2013,8690625.55,170547.7555,130425.4245,11351.61919,16973.99959,11796.71225,71697.41759,29362.40229,13084,61189,73485.05,7847400,10033694.91,1725016.17,797969.82,290921.54,255343.32,403819.88,1104747.53,415856.4152,151611.7348,117694.85,604244.26
11/26/2013,2628184.17,149056.8366,108198.398,15703.27156,14485.01018,10670.15678,57016.42758,18228.50818,13305,43930,49995.3,6203200,10033694.91,498553.92,241770.35,82627.45,88057.11,191325.45,361586.89,143896.8004,49178.17956,40356.25,238485.14
11/27/2013,2713321.51,106120.401,75479.39231,9086.364607,11827.91017,9726.733886,54876.68335,17939.37921,9019,39913,74023.95,8339000,10033694.91,537595.82,275441.27,89686.33,92513.68,179253.63,372843.81,153432.5682,49959.12177,43035.69,254694.12
11/28/2013,2617606.4,84479.78463,59316.17997,6624.656998,8525.033101,10013.91456,43620.23142,15484.05177,8205,26577,169434.75,8918300,10033694.91,489815.96,225596.88,76751.78,89509.19,117380.25,322084.2,129647.3223,44108.1577,34978.34,169068.18
11/29/2013,6355433.71,193369.0509,134658.0336,18234.06431,19309.62166,21167.3314,73637.04186,17731.05803,13804,52489,165034.3,9424900,10033694.91,1139752.82,532308.1,182264.18,221862.66,257177.99,707469.45,298495.2042,102205.8158,81425.56,409264.92
11/30/2013,5772910.28,196354.2842,144710.1268,17264.69953,18199.5566,16179.9013,77865.61222,23766.71525,18166,58577,118172.1,12109700,10033694.91,1255094.76,598187.44,164426.28,206165.36,301953.07,763915.18,322550.3799,88660.77008,73567.28,420573.11
12/1/2013,12026794.33,287514.7918,217408.1957,19963.56849,27487.53766,22655.48996,101129.262,24148.48582,20055,77418,219576.25,15096200,186206.1819,2373204.18,1179760.23,314337.17,396949.8,503568.89,1467579.47,618012.1669,164664.1331,143801.35,697150.52
12/2/2013,9431300.54,333521.3488,254088.1746,24880.17635,30811.00722,23741.99062,130581.2368,35914.17991,28957,70985,111926.3,9563600,186206.1819,1834991.89,892492.29,234846.34,361058.67,402166.77,1308225.09,560244.9941,147420.3059,142728.88,631630.19
12/3/2013,7146845.61,261945.8369,203609.8597,14568.57058,23000.98834,20766.41834,132574.1474,34885.95701,24100,62716,100696.1,9681200,186206.1819,1585783.3,778591.36,209443.04,269468.96,339575.39,1086919.73,454460.1525,122250.9275,109816.18,503176.29
12/4/2013,10808383.19,212772.3334,156574.6856,12679.51037,20361.08927,23157.04814,156987.5989,34577.93791,20344,72811,109539.5,10592300,186206.1819,2302618.54,1045931.81,316707.84,383054.15,452293.99,1474970.11,601818.6441,182230.5059,149603.41,730809.08
12/5/2013,7891864.96,200950.3193,146776.4881,13533.84909,19782.94094,20857.04117,153651.8714,34625.88286,14195,61498,104861.1,12378700,186206.1819,1632342.37,780726.31,239128.56,267059.78,357984.34,1141946.2,475905.2216,145764.9484,121458.18,528163.18
12/6/2013,5694406.34,194526.429,145709.4403,11764.34861,19029.85319,18022.78694,149113.0559,35641.36242,8669,53726,111250.55,14556600,186206.1819,1315952.02,611157.6,193574.05,184257.88,295704.72,934723.25,376604.1587,119283.1313,85151.36,401970.62
12/7/2013,7147790.98,226416.83,167412.8506,15233.96131,26564.60248,17205.4156,166341.135,35358.63011,16345,65113,115781.05,16551900,186206.1819,1698342,796767.9,250531.37,229005.8,379767.23,1179291.42,493560.9319,155192.6181,106719.9,505019.71
12/8/2013,14115805.35,315195.2995,236199.2936,23207.68526,31732.15889,24056.16179,214485.9722,40558.7038,21908,100446,236547.35,18691800,186206.1819,3060867.88,1418834.74,417800.69,436694.21,646820.35,2146063.36,883861.8026,260268.5574,204989.71,974830.71
12/9/2013,11034066.97,299975.158,224322.5267,23477.08137,30816.93861,21358.6113,135707.3866,39833.00288,27581,90220,188256.3,16473300,186206.1819,2478566.97,1164431.98,385829.78,375145.84,556225.77,1732306.38,719566.3419,238425.3681,170274.83,816713.15
12/10/2013,8557330.58,261561.8351,184333.1734,24870.13095,32570.38007,19788.15076,88119.09605,36077.19476,25097,85547,93701.45,11640900,186206.1819,1891113.58,1002760.24,288446.32,328926.53,476950.27,1396388.84,610351.9882,175569.1718,142471.81,671764.95
12/11/2013,7960252.47,222755.3671,152616.3146,23036.90579,29903.30395,17198.84274,85832.51824,36964.46129,21015,77287,73831.85,10429900,186206.1819,1770997.09,910416.53,254822.85,322451.93,418320.07,1267986.93,540290.8463,151225.7837,130359.81,622606.78
12/12/2013,6840074.57,190318.4826,122162.8652,22847.94618,29326.69415,15980.9771,85683.31637,26176.31657,21673,72886,75369.5,8219200,186206.1819,1595014.64,792461.3,236000.71,254513.52,401828.93,1152589.29,491135.2795,146263.6405,105536.67,541070.18
12/13/2013,6403879.18,146799.1576,90387.51749,15561.40607,26711.15308,14139.08093,84418.65293,28353.24943,18818,70039,144076.7,10975700,186206.1819,1459180.22,735035.04,191930.86,230374.78,368460.8,1048339.65,452229.8247,118085.3353,96955.77,529702.45
12/14/2013,10199808.38,167814.7288,112521.032,9721.944025,28724.57372,16847.17913,99029.77858,38887.32686,17660,97262,89639.3,10746900,186206.1819,2198316.24,1125880.22,288247.14,336023.68,559907.43,1545957.83,732372.2189,187501.4711,150462.45,814500.17
12/15/2013,9260025.16,215469.5588,137009.7231,28405.34441,32649.89624,17404.59511,103330.5816,44358.52893,19422,111534,136924.8,14130900,186206.1819,2114243.96,1140950.37,303736.63,325392.95,703482.3,1746349.6,840426.4243,223733.0357,164835.72,887527.33
12/16/2013,7126460.2,181803.7408,115405.4796,16121.92214,33752.19902,16524.14007,87849.11172,34127.46322,21483,88609,81156.3,11895100,186206.1819,1611409.34,848344.21,245209.74,292782.12,481197.23,1354664.82,636196.707,183889.543,126785.03,620764.14
12/17/2013,6859861.45,128604.9506,72944.28811,15518.55391,25519.27632,14622.83226,81564.8712,31463.06499,21786,80331,89415.75,11025400,186206.1819,1500607.34,810895.05,231868.94,278396.03,447641.44,1240020.2,589369.6675,168525.5325,122003.12,592366.93
12/18/2013,4969210.25,97646.22656,49669.69629,21154.7689,14524.41253,12297.34884,83727.11412,19963.08211,16955,66462,61967.55,8918900,186206.1819,1080750.52,576689.98,148157.3,190710.76,389409.38,883794.67,412342.29,105934.77,84399.97,584256.83
12/19/2013,3649938.6,74873.72958,35580.31983,17025.18467,12486.16877,9782.056323,88250.53579,15956.67489,13161,49849,89568.75,13141400,186206.1819,783593.25,424468.89,100334.75,150511.39,257985.8,667419.43,319332.1207,75482.81925,62628.71,346100.63
12/20/2013,2126350.46,55563.93291,29837.02758,8657.878231,9488.699017,7580.328081,65390.67838,12365.22092,8568,35830,13672.25,3762100,186206.1819,460641.91,262124.65,54108.22,83079.28,157510.86,388059.42,206146.7203,42553.1597,37087.25,192590.06
12/21/2013,1719808.09,42926.49433,26078.63842,1264.994368,9209.222135,6373.639403,40051.22804,11691.16302,5726,30538,0,0,186206.1819,404694.16,196950.26,46702.92,61237.41,132981.8,333209.84,164947.7276,39114.14244,28196.43,163872.39
12/22/2013,1868417.37,46921.95041,30591.0473,1429.946533,8521.548372,6379.408201,39712.56348,17127.16347,4905,38367,0,0,186206.1819,425011.61,218733.3,57734.58,69545.09,159130.27,353146.44,181003.0711,47775.69893,33879.43,200747.09
12/23/2013,1496971.49,63937.8236,45961.36135,3569.476311,8105.124155,6301.86178,48449.16167,17413.71379,6002,41074,0,0,186206.1819,336471.82,140236.68,45810.71,54138.34,156372.31,272286.38,128470.5859,41967.11412,27332.21,202482.02
12/24/2013,875318.51,46131.77907,32100.97563,4797.725375,4935.523327,4297.554742,35385.70935,28201.65861,3447,22382,0,0,186206.1819,203946.06,89777.95,28993.86,27980.86,93966.39,162057.18,72810.02485,23514.05515,17097.73,122228.22
12/25/2013,817157.89,27433.61352,10209.51658,4971.697863,8092.642602,4159.756474,28293.88413,27841.70664,2073,24554,0,0,186206.1819,186817.89,78999.8,30966.22,24981.63,95391.11,145735.64,64688.65183,25356.55817,13398.6,132646.74
12/26/2013,1654455.71,32828.54155,6179.668542,7480.231276,12145.43775,7023.20398,36978.38007,33635.18037,4131,42881,0,0,186206.1819,368251.38,147281.03,61646.73,57687.01,141911.42,292873.27,126614.7062,52996.52378,30853.01,205949.52
12/27/2013,1710817.94,34333.28447,11660.68549,6094.547086,10166.32667,6411.725229,41587.05995,34385.64835,5013,59541,0,0,186206.1819,344940.08,147587.38,59657.32,59494.44,170021.29,276021.24,119909.8262,48469.58375,29639.21,276663.24
12/28/2013,1777924.25,34075.79858,13562.06379,5961.67851,8748.780253,5803.276027,31491.06698,33899.6822,4942,33648,0,0,186206.1819,349549.59,144282.51,56144.29,59337.28,113627.57,303887.13,127520.5279,49621.74209,34891.8,167574.48
12/29/2013,2365706.96,49346.90145,25799.3125,7282.694452,9502.613879,6762.280617,38535.52654,34383.94924,5566,40503,0,0,186206.1819,495711.47,199857.4,80298.46,84825.92,146421.59,406837.53,160083.8557,64318.29434,51014.11,229295.61
12/30/2013,1513474.87,53272.01443,32122.72315,5893.933292,9116.31561,6139.04238,28692.93991,35154.96649,6788,28413,0,0,186206.1819,332702.8,151418.92,55831.46,49545.89,107274.17,274677.26,117220.2324,43221.65761,28800.29,152273.61
12/31/2013,1247454.12,45618.38164,28851.49864,5125.904695,6866.526202,4774.452096,34103.28379,33292.89916,4302,28197,0,0,186206.1819,261346.6,129519.61,48545.07,45285.51,99147.7,328467.3067,136258.0678,51070.70225,38235.4,183047.9
1/1/2014,1617919.91,33254,12723,5998,9032,5500,8148,2082,3858,26325,0,0,445256,349259.7 ,184348.2 ,36489.7 ,63568.3 ,102153.9 ,269515.5 ,154085.8 ,30499.6 ,33107.5 ,129009.2 
1/2/2014,1606652.47,31070,11710,3818,9114,6429,13138,920,4578,28705,0,0,445256,318148.8 ,159360.6 ,28313.3 ,56933.0 ,97661.6 ,265304.3 ,133736.9 ,23760.8 ,33762.2 ,125251.9 
1/3/2014,1392982.7,27552,10700,3328,7749,5776,12259,2263,3881,26756,0,0,445256,307748.2 ,138284.0 ,24177.8 ,50913.3 ,90428.6 ,250765.1 ,117210.2 ,20493.2 ,28148.6 ,113705.8 
1/4/2014,1649384.21,25495,9373,3189,6726,6207,14351,2262,4508,28694,0,0,445256,312558.4 ,145392.3 ,25342.2 ,58445.2 ,95036.2 ,265345.8 ,138009.1 ,24055.3 ,34287.0 ,128785.1 
1/5/2014,2367029.36,38757,20488,3314,7426,7529,19918,2254,6774,36762,0,0,445256,443917.1 ,213705.8 ,32862.5 ,78964.3 ,123298.0 ,371588.3 ,187343.0 ,28808.5 ,49800.4 ,172880.9 
1/6/2014,2788133.31,37090,18854,3177,7364,7696,28177,2256,7762,40853,0,0,445256,453439.7 ,215693.2 ,32243.6 ,93681.3 ,128635.4 ,382601.2 ,206911.6 ,30930.9 ,61198.7 ,188136.9 
1/7/2014,2012766.13,31139,14844,3596,6756,5942,18491,2202,8215,29997,0,0,445256,385413.0 ,184601.0 ,30715.4 ,71301.6 ,190915.9 ,312831.3 ,148255.1 ,24667.9 ,38496.0 ,157853.6 
1/8/2014,1038058.47,35610,17443,6200,6654,5313,13044,2097,2727,25577,0,0,445256,197517.5 ,103430.8 ,12536.9 ,38215.7 ,67760.2 ,173063.4 ,97686.5 ,11840.6 ,24084.6 ,76850.3 
1/9/2014,796356.62,35064,18152,5509,6543,4860,13844,2022,1533,20274,0,0,445256,158024.5 ,86413.4 ,8958.8 ,27797.1 ,54242.7 ,133781.0 ,69954.6 ,7252.5 ,18356.1 ,66886.5 
1/10/2014,704205.33,31928,15654,6423,5298,4552,11445,1487,2650,18381,0,0,445256,142688.8 ,72189.7 ,8217.3 ,29808.2 ,52057.7 ,122042.9 ,60862.1 ,6927.9 ,13560.7 ,62158.7 
1/11/2014,813439.42,34287,16665,6880,6192,4551,11388,1385,2478,19843,0,0,445256,179032.8 ,87453.9 ,8849.1 ,31943.5 ,64206.6 ,149779.4 ,75545.8 ,7644.1 ,18038.5 ,72755.9 
1/12/2014,1222295.05,39867,19916,7767,6860,5323,13702,1418,2706,24954,0,0,445256,236488.6 ,117351.6 ,12684.2 ,38455.3 ,79740.0 ,211330.1 ,103588.6 ,11196.6 ,21693.7 ,98823.3 
1/13/2014,1065739.42,35849,17690,6465,6337,5358,13400,2649,3189,20591,0,0,445256,196482.6 ,101948.8 ,9310.1 ,36402.6 ,63666.3 ,176433.1 ,91334.1 ,8340.7 ,21325.8 ,80799.8 
1/14/2014,1292435.89,33880,15134,7605,5891,5251,14567,2776,2691,21781,0,0,445256,206641.4 ,104824.9 ,11989.0 ,39678.6 ,64929.9 ,186060.8 ,95153.3 ,10882.9 ,25912.8 ,97468.3 
1/15/2014,1201058.52,32334,13447,7908,6001,4978,18366,2641,1497,28750,0,0,445256,200636.7 ,107224.5 ,11149.8 ,42037.9 ,72423.0 ,182552.2 ,108892.0 ,11323.2 ,25864.3 ,85832.1 
1/16/2014,749619,31979,15543,7306,5057,4072,13489,2102,1485,18347,0,0,445256,149181.2 ,74246.7 ,5558.9 ,27382.7 ,57356.1 ,128032.0 ,61733.1 ,4622.0 ,14747.8 ,77082.2 
1/17/2014,614440.73,28777,13006,7685,4539,3547,10165,2126,1984,15843,0,0,445256,124866.5 ,69254.2 ,6768.4 ,19475.8 ,49841.9 ,107345.2 ,49632.9 ,4850.8 ,10749.4 ,64449.3 
1/18/2014,898472.28,30817,12977,8660,5131,4048,9720,2052,580,24036,0,0,445256,162716.2 ,83859.2 ,5195.6 ,26954.4 ,64358.9 ,144623.7 ,77741.0 ,4816.5 ,15260.1 ,85856.7 
1/19/2014,1134510.1,38166,17183,10298,5906,4778,11375,2168,1542,26076,0,0,445256,217430.7 ,103236.5 ,8718.9 ,35255.0 ,81903.3 ,184179.4 ,88176.6 ,7447.0 ,21687.2 ,112874.3 
1/20/2014,1012872.28,41041,18354,10999,6716,4971,12984,2886,3234,24716,0,0,445256,211915.2 ,103563.4 ,14710.2 ,34324.4 ,82216.1 ,176434.9 ,77801.3 ,11050.9 ,21137.2 ,99115.6 
1/21/2014,958548.29,36081,16545,8070,6430,5036,13172,3185,2985,24115,0,0,445256,203712.2 ,94332.9 ,17023.4 ,39851.6 ,77668.2 ,167290.2 ,66787.0 ,12052.5 ,18560.1 ,98090.4 
1/22/2014,1010151.4,31509,17786,3289,5636,4799,19654,3000,2798,24965,0,0,445256,217682.5 ,100966.7 ,24912.7 ,38837.0 ,81601.7 ,171902.3 ,63921.0 ,15771.9 ,18917.9 ,109847.3 
1/23/2014,777711.97,25704,12834,4411,4005,4454,11690,2741,2889,22234,0,0,445256,149135.8 ,74160.2 ,15286.8 ,26314.2 ,63919.5 ,126983.6 ,46728.1 ,9632.1 ,14806.4 ,90216.6 
1/24/2014,647316.7,23733,11230,4702,3756,4046,11863,2721,2839,22687,0,0,445256,139342.8 ,70199.2 ,10630.8 ,23722.9 ,65344.0 ,108803.3 ,45306.6 ,6861.1 ,13655.2 ,86360.6 
1/25/2014,741372.02,25261,11497,5581,3996,4187,9625,2494,2109,27368,0,0,445256,152767.6 ,73219.9 ,13564.0 ,24814.4 ,76187.1 ,126870.0 ,46502.3 ,8614.5 ,12929.5 ,108604.1 
1/26/2014,1308452.78,30368,14383,6236,4707,5042,12978,2752,3143,34904,0,0,445256,252699.6 ,123228.3 ,22547.2 ,45233.1 ,110158.2 ,206689.6 ,77791.9 ,14233.7 ,24268.1 ,158851.3 
1/27/2014,1201626.9,32978,15853,7322,4567,5236,13838,3151,4135,31855,0,0,445256,242617.8 ,108910.9 ,22304.5 ,46580.5 ,100783.0 ,181814.6 ,68259.1 ,13979.2 ,22724.4 ,152364.4 
1/28/2014,874729.95,32077,15639,7239,4051,5149,12567,3247,3450,33521,0,0,445256,164141.7 ,78237.7 ,15984.6 ,28406.9 ,85190.1 ,145083.9 ,54059.4 ,11044.8 ,15935.2 ,126589.1 
1/29/2014,809903.32,30190,14620,7221,3526,4822,11895,3254,2346,36139,0,0,445256,159356.4 ,75972.8 ,16680.0 ,27158.0 ,92793.0 ,131848.7 ,47586.7 ,10447.7 ,13169.3 ,138958.7 
1/30/2014,892482.39,27582,12042,6939,3549,5052,15001,3081,2631,59484,0,0,445256,168506.6 ,79623.5 ,18659.1 ,34197.3 ,136191.0 ,130722.1 ,42807.9 ,10031.7 ,16295.2 ,213938.6 
1/31/2014,1193254.03,25892,10876,6671,2984,5361,19502,2947,2552,111964,0,0,445256,206369.3 ,101398.3 ,20341.3 ,45968.0 ,257483.3 ,143933.5 ,54527.3 ,10938.6 ,17323.7 ,430403.7 
2/1/2014,887715.95,26734,12498,6926,3047,4262,10305,1637,2914,21237,0,0,134726,160756.8 ,77333.6 ,11227.9 ,25320.9 ,62370.8 ,145112.1 ,54797.2 ,7955.9 ,16793.6 ,74529.0 
2/2/2014,826021.83,29615,14878,7147,3086,4504,11349,2367,2492,21441,0,0,134726,168284.3 ,81905.5 ,18843.7 ,33898.9 ,65575.9 ,149474.6 ,53526.0 ,12314.5 ,17594.0 ,66982.7 
2/3/2014,1153514.55,36343,17867,9035,3916,5524,16078,2786,3489,24070,0,0,134726,222603.1 ,108465.4 ,25483.1 ,43700.6 ,78409.0 ,205420.5 ,69869.5 ,16415.3 ,23456.3 ,84671.8 
2/4/2014,764559.82,33887,16378,8683,3774,5052,13166,1421,2925,20523,0,0,134726,146320.2 ,67947.9 ,11317.7 ,25133.6 ,56323.1 ,138813.3 ,47884.1 ,7975.8 ,15138.6 ,60208.1 
2/5/2014,805429.64,34394,16172,8704,4156,5363,15380,1396,2288,23968,0,0,134726,161815.0 ,87119.6 ,13365.7 ,23817.4 ,62151.2 ,149102.6 ,55297.2 ,8483.6 ,15240.0 ,67672.7 
2/6/2014,811568.3,30202,12994,8947,3309,4952,16240,1240,4176,24229,0,0,134726,158058.8 ,79868.7 ,13327.1 ,32644.2 ,59300.9 ,137287.5 ,58735.2 ,9800.7 ,18399.1 ,66337.6 
2/7/2014,677857.32,25124,11112,6743,2865,4404,13498,1440,3719,19900,0,0,134726,141404.6 ,70169.0 ,13959.5 ,22267.0 ,55937.2 ,126530.2 ,42916.2 ,8537.8 ,13889.5 ,57321.1 
2/8/2014,659150.08,26296,11888,7015,3047,4346,8518,1909,2098,19480,0,0,134726,150105.2 ,64871.9 ,14682.3 ,19631.6 ,56441.6 ,126605.1 ,40818.9 ,9238.5 ,11509.5 ,60248.0 
2/9/2014,998777.12,31938,14590,8463,3551,5334,12740,2271,1635,25645,0,0,134726,192680.1 ,87632.4 ,18249.8 ,22252.1 ,77989.9 ,178226.1 ,57233.0 ,11919.0 ,18072.1 ,86218.2 
2/10/2014,936346.43,33693,15426,8992,3711,5565,18422,2686,1962,22427,0,0,134726,194828.0 ,89418.6 ,17082.4 ,28539.5 ,70558.1 ,161241.0 ,53721.7 ,10262.9 ,15982.8 ,79131.7 
2/11/2014,836746.82,30768,14803,7804,2976,5185,17428,2955,2240,20149,0,0,134726,152984.8 ,69050.6 ,17933.1 ,23173.7 ,57848.3 ,136586.8 ,42845.9 ,11127.5 ,14245.0 ,65322.0 
2/12/2014,745809.89,27132,12572,7587,2422,4551,19890,2491,1658,19424,0,0,134726,135557.9 ,69603.0 ,14590.0 ,21696.3 ,50519.1 ,117673.7 ,40964.2 ,8586.8 ,12576.0 ,62351.7 
2/13/2014,819174.24,27332,12972,6848,2602,4910,16836,4210,1591,23730,0,0,134726,143537.3 ,71320.6 ,20861.4 ,19201.9 ,58150.0 ,129160.0 ,39140.1 ,11448.5 ,13304.4 ,74099.7 
2/14/2014,608589.47,20229,9611,4909,1862,3848,14202,3730,1096,22449,0,0,134726,112699.2 ,58698.0 ,18396.7 ,13892.7 ,52761.1 ,97322.7 ,28687.6 ,8991.1 ,10728.8 ,62812.0 
2/15/2014,873636.4,22961,10888,5397,2252,4424,11783,3612,1169,41545,0,0,134726,168471.7 ,70384.4 ,20931.5 ,20845.3 ,84163.9 ,139541.9 ,40359.7 ,12002.5 ,14099.8 ,109233.6 
2/16/2014,1152817.57,28122,14189,6752,2368,4813,12528,3704,1857,24399,0,0,134726,230276.8 ,100232.7 ,31398.9 ,29408.5 ,76098.8 ,197013.0 ,58657.0 ,18374.9 ,19448.1 ,86889.9 
2/17/2014,2000258.82,34951,18298,8145,2765,5743,21244,3750,2541,29736,0,0,134726,377520.0 ,173836.6 ,49330.8 ,45891.1 ,104577.5 ,323959.7 ,96790.6 ,27466.9 ,33326.2 ,131240.5 
2/18/2014,972005.39,33635,18183,7133,2744,5576,14771,3713,3941,20319,0,0,134726,142322.7 ,72704.5 ,17650.6 ,34299.7 ,52116.0 ,126119.1 ,53345.4 ,12950.8 ,21065.6 ,64927.4 
2/19/2014,1063063.76,30438,17487,6331,2781,3839,19870,3815,4839,22438,0,0,134726,147914.3 ,91214.4 ,19376.1 ,43510.9 ,55776.6 ,142429.1 ,60534.7 ,12859.0 ,29149.5 ,70589.9 
2/20/2014,493017.17,28443,16351,5572,3097,3422,13604,4778,4040,13508,0,0,134726,83362.5 ,48704.5 ,8388.4 ,15069.7 ,35517.9 ,79013.9 ,26284.5 ,4527.0 ,9312.5 ,44914.9 
2/21/2014,507102.95,23421,14325,3660,2819,2617,13811,3844,1630,13758,0,0,134726,89022.3 ,53738.5 ,9164.9 ,20399.2 ,42402.5 ,81219.2 ,29231.7 ,4985.3 ,9466.2 ,49278.1 
2/22/2014,500274.87,22874,12719,4246,3269,2639,11489,3771,1376,15605,0,0,134726,91523.6 ,60046.7 ,9277.9 ,18194.2 ,43527.6 ,80109.5 ,34092.4 ,5267.7 ,10418.0 ,52320.1 
2/23/2014,701928.71,29011,17100,4805,3706,3400,14062,3874,1693,21044,0,0,134726,130634.6 ,78750.5 ,13910.2 ,24694.4 ,62927.4 ,118586.3 ,43911.7 ,7756.4 ,12862.1 ,70786.1 
2/24/2014,710203.65,28185,16414,4552,3844,3376,18570,3406,1918,17305,0,0,134726,128775.0 ,68871.2 ,14110.3 ,23278.2 ,53467.0 ,112466.3 ,47472.9 ,9726.2 ,12626.9 ,70206.7 
2/25/2014,722842.25,25942,14578,4397,3705,3262,15568,2300,1881,20228,0,0,134726,124570.9 ,71462.0 ,16277.1 ,21756.9 ,57313.3 ,112507.7 ,41309.0 ,9409.1 ,12374.3 ,80305.2 
2/26/2014,828426.42,23404,14232,2564,3451,3158,15831,2218,2259,24217,0,0,134726,137942.6 ,84834.8 ,15159.3 ,31742.7 ,67490.8 ,120192.0 ,48070.2 ,8589.8 ,15509.1 ,100969.3 
2/27/2014,687374.32,19078,11034,1607,3201,3237,14228,1461,2016,31413,0,0,134726,111861.0 ,75346.2 ,13818.7 ,25466.8 ,75006.8 ,92127.7 ,41567.5 ,7623.6 ,12092.9 ,117618.4 
2/28/2014,701843.37,16710,8984,1673,3075,2977,15133,1657,1949,44321,0,0,134726,111322.1 ,69811.8 ,13486.2 ,23597.6 ,104457.2 ,84799.4 ,35534.8 ,6864.6 ,11397.1 ,164498.1 
3/1/2014,613161.87,16815,9647,1614,2723,2831,12849,1677,1980,20138,0,0,247521,105106.7 ,70565.9 ,15657.0 ,26437.5 ,58837.0 ,91544.2 ,41054.9 ,9109.2 ,14904.9 ,82457.6 
3/2/2014,901727,22472,13265,2458,3041,3708,19028,1716,7332,27232,0,0,247521,160311.8 ,102742.5 ,19690.6 ,44504.8 ,75433.5 ,132559.8 ,66543.7 ,12753.1 ,26939.2 ,114540.3 
3/3/2014,884937.94,24915,15564,2542,3104,3705,19067,1796,5364,24467,0,0,247521,141703.8 ,88808.7 ,16259.9 ,30821.9 ,68793.7 ,126879.1 ,56420.7 ,10330.0 ,16062.5 ,105720.1 
3/4/2014,804795.43,22405,12674,2525,3068,4137,15163,3215,2462,20761,0,0,247521,132213.6 ,84258.3 ,16437.9 ,32236.8 ,61966.3 ,119784.2 ,49734.9 ,9702.7 ,17670.9 ,80203.0 
3/5/2014,1090708.63,21057,11286,1930,3004,4838,15351,3193,2695,20160,0,0,247521,172002.7 ,105979.8 ,18059.1 ,32275.9 ,69668.8 ,152807.8 ,58418.4 ,9954.6 ,19985.6 ,90223.3 
3/6/2014,617818.51,20301,11291,1292,3010,4708,14890,3431,2100,17894,0,0,247521,103879.9 ,66529.4 ,10614.4 ,17708.7 ,50662.1 ,93134.6 ,38973.1 ,6217.9 ,10460.6 ,67588.4 
3/7/2014,496847.61,17779,9638,1433,2630,4078,15873,3359,1696,15197,0,0,247521,90387.8 ,55258.1 ,8522.9 ,20089.8 ,46132.3 ,80268.1 ,33750.4 ,5205.6 ,10088.2 ,53415.6 
3/8/2014,621020.87,17483,9135,1445,2685,4218,12125,2734,1562,15661,0,0,247521,117644.7 ,63159.8 ,11314.4 ,23331.8 ,45386.5 ,98010.2 ,39893.8 ,7146.5 ,11959.2 ,57776.2 
3/9/2014,808957.15,21549,12218,1545,2757,5030,14922,3190,2260,20319,0,0,247521,145390.6 ,83244.2 ,14427.1 ,31217.5 ,61039.0 ,127301.8 ,52248.0 ,9055.1 ,17659.8 ,76777.5 
3/10/2014,750770.16,26550,14633,2533,3862,5522,18378,4349,2503,16987,0,0,247521,139278.2 ,78848.8 ,12933.6 ,25584.0 ,54299.7 ,116212.6 ,49620.6 ,8139.3 ,14142.5 ,68509.7 
3/11/2014,751798.51,23706,12713,2090,3724,5180,18607,6702,2473,17248,0,0,247521,136050.9 ,73785.3 ,13139.2 ,27018.3 ,51463.1 ,118473.9 ,45723.6 ,8142.2 ,12799.9 ,74166.7 
3/12/2014,697866.33,25191,13282,2469,3701,5739,14089,5742,2528,17554,0,0,247521,130249.1 ,64159.4 ,14911.5 ,27385.5 ,53063.7 ,107235.0 ,39514.9 ,9183.8 ,15471.9 ,65181.0 
3/13/2014,610610.13,23389,11799,2726,3823,5040,15491,5348,2253,17055,0,0,247521,124872.1 ,61259.4 ,16813.9 ,24626.9 ,48463.7 ,101663.9 ,34182.5 ,9382.1 ,13599.4 ,61390.3 
3/14/2014,574163.82,20441,9539,1790,4628,4484,16218,5328,2167,15877,0,0,247521,119352.3 ,64723.5 ,15368.5 ,25298.8 ,46831.3 ,88597.7 ,35445.2 ,8416.4 ,11939.9 ,58638.7 
3/15/2014,840508.97,22159,10409,1632,5339,4779,14099,3595,2569,19412,0,0,247521,147545.9 ,74308.1 ,20845.7 ,30755.7 ,55472.1 ,109722.5 ,43145.1 ,12103.5 ,19313.3 ,76470.5 
3/16/2014,1134269.08,28910,14122,2234,6483,6070,19318,3825,6806,27594,0,0,247521,201664.6 ,88573.7 ,21779.5 ,47726.7 ,79496.4 ,176506.7 ,65981.3 ,16224.2 ,32189.8 ,95352.8 
3/17/2014,974763.39,32195,16753,1998,7252,6193,16749,5697,5525,21815,0,0,247521,179298.4 ,76791.4 ,18259.6 ,33591.6 ,65835.2 ,152287.3 ,55481.4 ,13192.5 ,20044.7 ,93946.4 
3/18/2014,975021.42,29807,14950,2139,7093,5625,15979,5260,3350,21940,0,0,247521,176443.3 ,80753.2 ,16607.6 ,34076.6 ,70444.6 ,161285.9 ,51962.5 ,10686.5 ,20272.6 ,96761.6 
3/19/2014,867803.36,29026,16111,1675,4876,6363,12762,5662,4446,16035,0,0,247521,150845.9 ,70734.6 ,13993.4 ,35955.8 ,41914.2 ,126343.3 ,52860.7 ,10457.4 ,22484.3 ,78638.6 
3/20/2014,674519.12,25878,13708,2963,3349,5859,12881,7000,4227,19016,0,0,247521,131410.4 ,60255.5 ,11182.5 ,26096.4 ,41140.6 ,107682.1 ,39469.5 ,7324.9 ,15632.2 ,73179.7 
3/21/2014,599875.29,22418,11284,3284,2754,5095,12343,7294,3378,23277,0,0,247521,111816.0 ,55288.5 ,15124.7 ,26286.0 ,53164.2 ,98225.8 ,37606.8 ,10287.7 ,15428.8 ,67372.8 
3/22/2014,708480.8,24024,11275,4392,2934,5422,12251,7045,2659,29623,0,0,247521,136827.2 ,54559.3 ,14902.0 ,28097.4 ,78721.9 ,122310.4 ,38283.3 ,10456.5 ,16172.8 ,93691.3 
3/23/2014,1285052.7,32923,15723,5807,3767,7625,17364,7247,3644,48627,0,0,247521,218099.3 ,94928.2 ,21711.7 ,45115.8 ,128392.5 ,198705.8 ,68644.7 ,15700.2 ,26997.3 ,138091.8 
3/24/2014,1239532.46,36485,17805,6471,4272,7938,22992,7400,4255,29136,0,0,247521,203163.1 ,87320.4 ,21055.6 ,38292.4 ,68020.1 ,186372.7 ,68443.9 ,16503.9 ,26374.8 ,86841.3 
3/25/2014,1652644.93,34246,15230,5549,4973,8494,29096,4824,4983,40185,0,0,247521,246661.4 ,108588.9 ,23194.4 ,54449.6 ,82015.2 ,224445.5 ,88036.8 ,18804.5 ,38024.0 ,113159.4 
3/26/2014,1498402.64,28410,13994,2209,4632,7574,24711,4619,5867,54645,0,0,247521,234213.4 ,94075.2 ,18314.6 ,47091.2 ,103010.6 ,202612.2 ,72325.4 ,14080.3 ,32315.2 ,138667.0 
3/27/2014,787952.08,22529,10690,1565,4529,5745,18724,4614,4220,22812,0,0,247521,146785.5 ,63440.3 ,10886.3 ,23839.1 ,58379.1 ,125458.1 ,46628.0 ,8001.3 ,12897.1 ,67744.4 
3/28/2014,741644.84,20439,10050,1827,3869,4693,22151,5421,2256,17418,0,0,247521,146556.6 ,62658.5 ,11159.5 ,27848.3 ,51543.3 ,117464.8 ,43345.1 ,7719.7 ,14890.2 ,67696.5 
3/29/2014,645713.68,22110,9817,3792,3994,4508,14275,6215,1912,21339,0,0,247521,137349.8 ,60472.2 ,9908.5 ,23210.3 ,54735.4 ,120561.1 ,39850.9 ,6529.7 ,12387.9 ,66379.6 
3/30/2014,1306018.03,30301,14191,5287,4521,6302,23202,8133,3133,43018,0,0,247521,203680.8 ,100217.5 ,15727.3 ,35098.7 ,87045.3 ,187587.4 ,74264.2 ,11654.4 ,24146.2 ,122302.3 
3/31/2014,901641.95,42476,25572,5237,5647,6019,27767,12801,3211,46066,0,0,247521,184797.6 ,80257.7 ,14753.7 ,29949.6 ,87647.2 ,153408.2 ,53103.0 ,9761.9 ,17073.9 ,73838.4 
4/1/2014,786796.05,37724,24887,2971,3894,5972,8595,4049,2490,12380,0,0,530326,179787.8 ,70046.9 ,17290.0 ,25455.6 ,46772.2 ,152853.8 ,45581.6 ,11251.1 ,15925.9 ,52462.8 
4/2/2014,825493.15,30541,18999,2564,3913,5064,10195,1923,2404,11057,0,0,530326,183050.5 ,74659.7 ,16222.7 ,30406.1 ,48221.3 ,152630.6 ,51202.1 ,11125.6 ,15835.8 ,54209.0 
4/3/2014,710986.47,30996,17361,3655,4709,5270,9574,1488,2334,10010,0,0,530326,148809.3 ,59023.2 ,13074.2 ,19781.9 ,39915.6 ,131449.4 ,43737.9 ,9688.3 ,12425.0 ,45114.7 
4/4/2014,621124.37,25522,13028,3737,4203,4553,8967,1844,1979,9408,0,0,530326,141775.6 ,56745.9 ,9848.7 ,24592.4 ,39594.8 ,117828.2 ,39039.6 ,6775.6 ,13180.3 ,44528.1 
4/5/2014,719059.9,23897,11579,3718,4054,4547,7690,1519,1951,9625,0,0,530326,137288.5 ,56182.5 ,11128.4 ,23241.4 ,38186.1 ,124602.2 ,43124.6 ,8541.9 ,14306.3 ,44423.0 
4/6/2014,1035017.98,34818,19809,4487,4600,5923,11938,989,2443,12794,0,0,530326,211815.1 ,83706.9 ,13178.0 ,34635.2 ,58711.8 ,194290.4 ,66182.6 ,10419.1 ,20793.7 ,62440.6 
4/7/2014,936485.7,43643,27639,4142,5523,6339,12295,2125,2918,12044,0,3461200,530326,212467.3 ,81684.5 ,16328.9 ,31749.1 ,55288.4 ,182189.6 ,60422.8 ,12078.6 ,18144.9 ,56435.5 
4/8/2014,929245.04,38542,23865,3455,5474,5749,11830,1984,2567,12291,0,5003400,530326,201942.4 ,78923.5 ,15914.6 ,33845.3 ,51290.6 ,176606.5 ,50804.7 ,10244.6 ,17875.5 ,55817.6 
4/9/2014,1015607.52,34295,20591,2820,5540,5343,11660,2991,3078,13525,0,5204000,530326,223731.9 ,78429.7 ,16670.1 ,35411.6 ,59387.2 ,185264.6 ,50697.7 ,10775.7 ,20187.7 ,67170.6 
4/10/2014,723155.11,29648,16774,2170,4605,6099,11912,3944,2867,13120,0,4577600,530326,159418.1 ,58624.6 ,13283.5 ,25068.4 ,45026.1 ,138914.2 ,40402.6 ,9154.6 ,14817.7 ,49409.1 
4/11/2014,628594.98,27597,15587,2759,3912,5339,9229,3108,2215,10573,0,3778600,530326,150590.1 ,58789.3 ,10238.7 ,21516.6 ,39519.3 ,125383.8 ,37346.0 ,6504.2 ,11492.9 ,45507.0 
4/12/2014,614206.47,27987,14992,4760,3353,4882,8482,3091,1612,9635,0,4308500,530326,151832.2 ,52994.2 ,11296.0 ,20289.8 ,39428.2 ,131740.1 ,36061.0 ,7686.6 ,12686.6 ,40064.5 
4/13/2014,1106074.44,43451,26738,5890,4467,6355,12526,3114,2522,13880,0,3907100,530326,250417.1 ,91142.5 ,15562.4 ,33906.1 ,62829.3 ,220708.3 ,66324.4 ,11324.7 ,21477.6 ,64400.1 
4/14/2014,1301521.59,53261,35509,4965,4550,8237,16914,3108,3054,16022,0,5855600,530326,307491.2 ,115363.1 ,17914.0 ,38893.8 ,134164.1 ,261153.5 ,78049.4 ,12119.8 ,25040.1 ,75278.4 
4/15/2014,1724804.26,51404,35122,4249,4974,7059,22671,3101,3715,18717,0,4880900,530326,418862.3 ,160553.4 ,27549.7 ,56633.5 ,124820.8 ,340752.4 ,103772.0 ,17806.4 ,34590.2 ,101299.1 
4/16/2014,1242638.05,45353,28756,4694,7231,4671,19569,2576,4268,15144,0,5855500,530326,259074.2 ,114177.5 ,15615.1 ,35133.0 ,62024.3 ,225098.1 ,74022.7 ,10123.5 ,23510.2 ,73672.2 
4/17/2014,625558.12,39390,24667,4902,5560,4261,8892,3087,2657,11777,0,4601200,530326,135091.7 ,61082.3 ,7679.7 ,17048.8 ,42212.9 ,118353.8 ,38321.8 ,4818.1 ,10251.2 ,47222.6 
4/18/2014,590544.33,36215,22711,4307,5177,4020,11552,3097,2015,11254,0,5020600,530326,136398.9 ,68489.3 ,8033.0 ,21248.7 ,40907.6 ,113410.1 ,43449.5 ,5096.1 ,13268.3 ,44340.4 
4/19/2014,538546.86,35020,21688,4818,4843,3671,11582,3004,1759,10218,0,2782200,530326,131875.0 ,59341.1 ,7297.9 ,17393.4 ,39258.6 ,117905.1 ,37554.5 ,4618.6 ,9279.0 ,40360.5 
4/20/2014,861877.04,37389,23114,4531,4891,4854,17855,3093,2059,13949,0,4811900,530326,177803.2 ,81688.5 ,11991.7 ,27086.7 ,50846.1 ,161150.1 ,56579.8 ,8305.8 ,16073.6 ,52771.4 
4/21/2014,1305843.3,60961,37496,8048,8411,7006,26516,3188,4911,19320,0,7574400,530326,251088.5 ,107922.2 ,14334.8 ,42183.4 ,75433.2 ,222898.1 ,84192.0 ,11182.8 ,25112.6 ,87538.4 
4/22/2014,1716895.45,60996,35564,8897,9658,6876,30050,3192,5725,22735,0,4416000,530326,267249.4 ,137426.6 ,16014.7 ,58356.0 ,80236.5 ,247124.5 ,104023.6 ,12122.2 ,35940.3 ,112915.5 
4/23/2014,1155763.21,56233,32624,7763,9810,6037,19437,3196,5295,34404,0,4839100,530326,239477.9 ,121032.2 ,14857.4 ,39444.4 ,95543.2 ,208828.4 ,72928.2 ,8952.3 ,21049.0 ,108870.0 
4/24/2014,877909.76,43451,24704,6177,7045,5525,16091,3650,3074,32104,0,4100900,530326,183265.9 ,84362.5 ,10652.3 ,29871.6 ,79156.0 ,169537.1 ,59263.0 ,7483.0 ,17384.2 ,85761.1 
4/25/2014,754629.81,37013,20224,7344,4906,4539,13556,3672,2755,22074,0,4372900,530326,163901.0 ,82346.8 ,9581.9 ,29185.0 ,63360.3 ,141543.3 ,52921.9 ,6158.0 ,14896.2 ,72855.8 
4/26/2014,741541.22,34452,18475,6897,4794,4286,11499,3487,2390,19448,0,2414200,530326,171662.7 ,72196.3 ,7514.3 ,23786.7 ,62261.6 ,152097.9 ,47484.5 ,4942.3 ,13278.1 ,69442.7 
4/27/2014,1239841.06,49353,27947,9501,6075,5830,16803,3264,2742,26230,0,3954900,530326,277729.2 ,128347.7 ,11974.5 ,40796.7 ,91920.8 ,251973.3 ,85913.7 ,8015.5 ,23560.6 ,106491.0 
4/28/2014,1335168.56,60620,37468,9687,6909,6556,21544,3255,3872,30149,0,6186000,530326,283730.5 ,131737.8 ,11695.4 ,44808.8 ,102599.7 ,253416.8 ,95797.2 ,8504.7 ,25246.4 ,121544.3 
4/29/2014,1419809.17,58120,35888,9436,6499,6296,23700,3256,4079,40653,0,5035800,530326,303998.9 ,148132.3 ,12955.4 ,53333.0 ,120761.4 ,260009.6 ,94123.6 ,8231.9 ,26868.5 ,163815.5 
4/30/2014,2131586.22,47489,27236,8912,4733,6607,31614,3258,4707,63487,0,4225900,530326,387151.2 ,192031.3 ,20207.1 ,68258.6 ,189556.5 ,331126.3 ,115678.1 ,12172.6 ,33894.5 ,289230.1 
5/1/2014,1328340.65,42407,24421,8754,3723,5509,20441,3254,4880,23989,0,2281300,392902,264395.0 ,132947.1 ,13474.5 ,47029.6 ,85137.4 ,236292.5 ,92177.4 ,9342.4 ,24234.6 ,97658.9 
5/2/2014,1057952.56,39035,20591,9746,3705,4992,17947,3005,4400,21403,0,3022800,392902,224002.2 ,108560.6 ,12295.8 ,43249.2 ,73138.7 ,201201.2 ,71854.1 ,8138.4 ,22346.0 ,78614.5 
5/3/2014,1006435.34,41431,24392,8894,3396,4749,15654,2456,3584,19142,0,3665600,392902,228213.7 ,98447.5 ,11303.7 ,38035.3 ,69597.3 ,199444.5 ,66950.0 ,7687.2 ,21587.9 ,74133.3 
5/4/2014,1861879.14,78250,47032,12064,4733,14420,23579,2760,1155,27770,0,2981200,392902,388211.0 ,178699.7 ,18479.2 ,73920.1 ,104245.3 ,363778.3 ,130634.2 ,13508.8 ,39917.8 ,118424.0 
5/5/2014,1727857.6,87438,55898,16054,7087,8400,24910,2792,3296,25500,0,0,392902,368428.7 ,183180.8 ,15845.5 ,60063.9 ,101398.7 ,338098.7 ,133294.8 ,11530.3 ,30128.6 ,103861.3 
5/6/2014,1690758.24,68431,38818,13941,8340,7331,24370,2788,5323,25361,0,0,392902,339575.7 ,176424.8 ,16826.4 ,60992.3 ,102668.2 ,316893.2 ,134758.2 ,12852.4 ,31820.7 ,97018.4 
5/7/2014,1217888.56,54186,28763,10752,8534,6138,19261,3276,4347,19636,0,0,392902,258491.2 ,124404.1 ,11475.2 ,40507.9 ,70779.7 ,238097.5 ,87372.8 ,8059.4 ,21889.8 ,74422.5 
5/8/2014,1013493.12,47195,24499,9523,7463,5711,17837,3256,3679,17661,0,0,392902,236026.3 ,114311.7 ,10285.5 ,41155.3 ,65820.8 ,211839.5 ,71240.2 ,6410.0 ,19955.4 ,66791.5 
5/9/2014,860579.02,41771,23140,6967,6768,4895,16748,2891,3348,17276,0,0,392902,188731.9 ,91115.1 ,9122.4 ,34504.0 ,59101.0 ,165670.8 ,60949.2 ,6102.2 ,16443.4 ,78902.8 
5/10/2014,1011724,39220,24673,4101,5824,4622,13565,2789,3195,20514,0,0,392902,178055.3 ,87639.1 ,8587.9 ,32625.7 ,61176.6 ,172832.1 ,65585.6 ,6426.9 ,18990.1 ,80301.5 
5/11/2014,1153005.27,43499,27970,4289,5918,5323,15266,3246,3225,19280,0,0,392902,215384.5 ,102757.6 ,8158.6 ,34233.8 ,69473.6 ,202975.1 ,74703.2 ,5931.2 ,20413.7 ,89767.0 
5/12/2014,1160785.13,55178,34650,8571,6274,5683,19334,3214,3557,18342,0,0,392902,254919.7 ,107157.7 ,10401.8 ,40238.9 ,67748.3 ,225218.1 ,73332.1 ,7118.4 ,19935.8 ,87794.4 
5/13/2014,1114566.26,41630,23253,7896,5548,4932,17650,3202,3502,17444,0,0,392902,242862.3 ,113018.9 ,9472.6 ,43573.1 ,67546.9 ,210823.9 ,74251.8 ,6223.4 ,21275.2 ,85922.0 
5/14/2014,973375.22,29193,13843,5683,4239,5429,14387,1348,1325,18096,0,0,392902,201536.6 ,88982.4 ,6567.3 ,33536.9 ,62631.2 ,175884.6 ,55701.3 ,4111.0 ,15180.1 ,79688.7 
5/15/2014,936616.38,25620,13756,3346,3446,5071,14086,0,539,20337,0,0,392902,186535.5 ,84765.0 ,2709.3 ,31528.5 ,69962.3 ,170844.1 ,59118.8 ,1889.6 ,15319.9 ,89973.6 
5/16/2014,748401.33,26495,16738,2833,2262,4662,14326,921,650,19823,0,0,392902,155328.1 ,63204.5 ,4521.6 ,21549.7 ,61767.2 ,137588.3 ,43633.1 ,3121.5 ,12130.0 ,79516.7 
5/17/2014,693310.81,25458,17481,2694,1443,3839,12802,909,1632,19655,0,0,392902,151226.9 ,65739.8 ,6150.9 ,23693.5 ,60742.7 ,127700.1 ,42382.7 ,3965.5 ,12243.9 ,71129.3 
5/18/2014,1075333.22,34718,24442,3384,1788,5103,17905,888,2317,31966,0,0,392902,211108.7 ,88366.8 ,7040.5 ,33900.8 ,86046.8 ,189571.6 ,54250.3 ,4322.3 ,20079.8 ,106020.7 
5/19/2014,1138748.14,29591,17635,3850,2186,5920,17924,931,3084,26773,37999,3786700,392902,230708.4 ,88998.2 ,7885.0 ,33282.3 ,82581.9 ,198167.5 ,62053.4 ,5497.8 ,19403.4 ,104990.7 
5/20/2014,1078683.59,20494,9029,4172,2118,5175,15626,2405,2858,17809,44700,4305300,392902,202992.4 ,89414.5 ,7438.5 ,40055.0 ,67682.5 ,188925.5 ,63559.4 ,5287.5 ,18883.3 ,84604.5 
5/21/2014,1432834.9,19124,8032,3963,2320,4809,14814,2325,3040,18885,36796,4189800,392902,253612.0 ,101494.9 ,9004.4 ,46925.5 ,75540.4 ,220343.8 ,70752.6 ,6277.0 ,22728.2 ,103935.5 
5/22/2014,786239.62,17966,7891,3416,2216,4443,12110,1417,3001,17118,46377,4530100,392902,152545.8 ,67910.3 ,6076.3 ,23744.6 ,61870.7 ,137356.3 ,45276.7 ,4051.1 ,14051.7 ,68707.5 
5/23/2014,653090.72,16246,7577,2888,2051,3729,9821,2952,1695,14838,34606,4141500,392902,136119.5 ,59544.1 ,5563.2 ,18777.6 ,52691.8 ,113282.2 ,38747.6 ,3620.2 ,10507.6 ,62062.1 
5/24/2014,551462.4,13299,5946,2403,1925,3025,8069,2855,1346,14848,39152,4251600,392902,111933.9 ,45075.5 ,5150.1 ,15104.2 ,48681.5 ,99950.7 ,32273.9 ,3687.4 ,8671.6 ,57548.7 
5/25/2014,597026.62,14592,6498,2828,1869,3398,8976,2807,1652,17019,62516,6695500,392902,118470.2 ,50639.5 ,6459.3 ,21269.3 ,55932.4 ,104328.7 ,34717.2 ,4428.4 ,11096.4 ,66077.8 
5/26/2014,1091621.5,20295,9572,3380,2339,5004,13853,2784,2854,26971,62521,9888600,392902,188593.6 ,81038.3 ,10039.0 ,35575.6 ,84924.5 ,162619.0 ,60669.8 ,7515.7 ,21300.3 ,113975.7 
5/27/2014,1277533.63,24126,11598,4010,2901,5616,16888,2808,4045,24108,52843,4883800,392902,226644.5 ,89108.7 ,10097.6 ,44236.1 ,83480.7 ,195060.2 ,68796.1 ,7795.8 ,24956.5 ,101877.1 
5/28/2014,1762067.8,24714,11110,4396,2842,6366,23737,2789,5412,54780,34679,4462000,392902,276965.7 ,116330.7 ,12671.0 ,54136.1 ,132512.2 ,232445.6 ,86757.5 ,9449.8 ,29580.9 ,168953.1 
5/29/2014,1143484.96,23782,10693,5556,2107,5427,16297,3455,4813,46142,57697,5346400,392902,203833.8 ,97273.6 ,11671.2 ,39289.9 ,116498.8 ,174537.7 ,60998.5 ,7318.8 ,21909.0 ,140355.7 
5/30/2014,849646.35,20216,8560,5231,1875,4551,14864,4170,3007,38412,22717,2719200,392902,158742.3 ,78271.9 ,7888.0 ,27905.5 ,98404.5 ,132972.5 ,44549.9 ,4489.6 ,13900.0 ,119555.7 
5/31/2014,841674.85,18683,8088,4692,1692,4211,14431,4226,1958,42983,35482,4519500,392902,155443.2 ,73961.4 ,8582.3 ,26116.6 ,104026.3 ,126515.9 ,43177.9 ,5010.3 ,14351.3 ,133824.0 
6/1/2014,1074913.58,24539,11830,5490,2436,4783,14834,4241,2061,29350,35927,3613800,214288,195591.3 ,94822.9 ,9707.4 ,30949.0 ,86473.4 ,174720.0 ,60684.1 ,6212.5 ,17414.8 ,106257.6 
6/2/2014,1181346.82,29595,13872,6083,3580,6060,17549,4008,2752,31956,65400,6102900,214288,220813.5 ,99131.8 ,13863.6 ,33736.3 ,100184.0 ,199103.7 ,67686.9 ,9466.1 ,20018.0 ,119367.6 
6/3/2014,1235638.52,24716,9919,5682,3569,5546,16527,3441,3116,31926,43076,4772700,214288,231871.5 ,106306.5 ,18108.8 ,40276.2 ,95053.7 ,202858.3 ,74466.4 ,12685.0 ,20240.6 ,121081.2 
6/4/2014,1659015.87,24585,9359,6034,3746,5445,18487,3190,3270,36013,29116,3396800,214288,262324.6 ,123410.2 ,17922.3 ,53509.2 ,117914.5 ,240628.4 ,86038.7 ,12495.0 ,26579.4 ,155918.0 
6/5/2014,1254349.97,22247,7953,5960,3459,4874,25553,2490,3340,31630,24836,3333600,214288,183980.1 ,106647.2 ,15127.2 ,37902.1 ,101325.2 ,178366.5 ,69491.7 ,9856.9 ,18766.9 ,128759.3 
6/6/2014,912872.02,17815,6488,4552,2860,3914,17384,2213,1002,27593,29102,4689800,214288,156682.4 ,85816.8 ,12204.0 ,33419.2 ,78776.9 ,135919.9 ,56673.4 ,8059.5 ,15852.3 ,96713.3 
6/7/2014,775588.78,15736,5898,3755,2696,3386,11026,2082,1356,22963,24908,3283100,214288,131294.7 ,77845.6 ,12496.5 ,28495.1 ,71310.2 ,113192.8 ,47642.0 ,7647.9 ,13925.5 ,84675.7 
6/8/2014,1325784.16,21456,8015,5280,3666,4496,16647,2219,3053,37247,23868,3219400,214288,219427.9 ,122466.2 ,18525.2 ,52963.8 ,118780.7 ,183322.7 ,80329.6 ,12151.3 ,23949.5 ,145499.8 
6/9/2014,1646697.18,28479,10918,6727,4953,5882,22933,2307,3818,48818,0,0,214288,238454.3 ,140975.0 ,19815.3 ,45712.6 ,145537.6 ,231696.8 ,101644.0 ,14287.0 ,25529.5 ,200722.3 
6/10/2014,1460879.8,25406,10191,5999,4242,4974,18811,2334,3925,31640,0,0,214288,220614.9 ,129275.8 ,18415.8 ,50004.2 ,103817.2 ,213353.3 ,94937.7 ,13524.2 ,23372.1 ,119961.6 
6/11/2014,1077485.83,24102,10441,5779,3746,4137,14317,1692,3377,26280,0,0,214288,162336.3 ,86301.8 ,14160.9 ,34164.2 ,82525.7 ,157507.3 ,61306.2 ,10059.5 ,17252.4 ,95854.8 
6/12/2014,872961.93,21760,10033,4856,3325,3546,13309,1390,2744,22844,0,0,214288,140134.2 ,76926.4 ,11259.0 ,29979.4 ,71482.7 ,131237.0 ,53760.7 ,7868.5 ,15662.8 ,82590.1 
6/13/2014,789067.69,18428,6650,5256,2979,3543,13263,2804,2657,21018,0,0,214288,126990.0 ,66705.8 ,12645.0 ,27030.0 ,63988.1 ,115235.6 ,42295.7 ,8017.7 ,15390.7 ,74056.5 
6/14/2014,722010.97,16502,5745,4828,2442,3487,11074,2781,1998,17711,0,0,214288,120947.2 ,57030.5 ,10250.4 ,20278.0 ,54343.4 ,102810.0 ,39601.3 ,7117.8 ,12207.9 ,64452.4 
6/15/2014,1403230.96,20640,6864,5866,2779,5131,18006,2815,535,27859,0,0,214288,178323.9 ,78174.3 ,14074.2 ,35709.4 ,76046.8 ,166802.5 ,57203.9 ,10298.8 ,24129.2 ,109033.9 
6/16/2014,1308373.41,25937,11284,6406,3072,5175,16440,4151,1814,24019,0,0,214288,216089.1 ,97770.4 ,16494.0 ,35434.2 ,86508.0 ,191413.2 ,63523.0 ,10716.4 ,19697.2 ,110443.9 
6/17/2014,1575681.05,22747,10519,4593,2853,4782,15213,4309,3049,26428,0,0,214288,289135.5 ,123468.6 ,22993.3 ,45586.5 ,101557.1 ,226993.5 ,81887.5 ,15249.7 ,28288.6 ,132270.2 
6/18/2014,669134.18,22180,9711,5342,2195,4932,13002,4588,3062,18994,0,0,214288,109729.1 ,63243.3 ,8671.8 ,20213.8 ,55556.9 ,100975.6 ,38247.3 ,5244.4 ,11312.5 ,68024.9 
6/19/2014,639659.03,19397,8180,4357,1780,5080,12853,4387,2040,23288,0,0,214288,110887.0 ,61662.2 ,7378.5 ,23334.9 ,66110.2 ,96963.9 ,35854.7 ,4290.4 ,12341.2 ,82579.9 
6/20/2014,555209.58,15960,6540,3543,1381,4496,12658,4300,2006,22232,0,0,214288,92587.6 ,51889.5 ,7494.8 ,21141.9 ,59262.0 ,80972.3 ,33522.9 ,4842.0 ,10402.1 ,76633.6 
6/21/2014,673768.85,14070,5602,2732,1259,4477,12074,4337,2453,21314,0,0,214288,98027.2 ,51281.2 ,7691.4 ,27543.4 ,59436.1 ,84231.3 ,31423.0 ,4713.0 ,12761.7 ,82401.5 
6/22/2014,1117647.03,18323,6726,4013,1736,5848,15724,4811,3309,31522,0,0,214288,143535.4 ,81806.9 ,12227.8 ,33165.0 ,86328.1 ,125263.6 ,47575.9 ,7111.2 ,18897.9 ,137815.7 
6/23/2014,1038765.49,23027,10510,4024,1790,6702,18122,5206,3736,33565,0,0,214288,163504.7 ,88413.2 ,11763.3 ,33327.1 ,101045.2 ,138391.1 ,52109.1 ,6933.1 ,16350.7 ,146351.0 
6/24/2014,1204031.04,22492,9171,4412,1976,6933,17666,5285,2738,40742,0,0,214288,170844.3 ,95872.4 ,13982.3 ,42050.8 ,114348.9 ,146645.9 ,53437.0 ,7793.4 ,26922.0 ,156806.7 
6/25/2014,1286695.69,21521,8798,4040,2056,6628,23283,5407,3024,59884,0,0,214288,185925.7 ,106457.1 ,15258.1 ,38554.7 ,156610.4 ,158113.8 ,56374.8 ,8080.0 ,20723.5 ,225984.8 
6/26/2014,732522.05,17752,6764,4189,1604,5195,11765,3092,3009,28422,0,0,214288,111251.0 ,67252.7 ,10655.0 ,27604.2 ,69156.2 ,98052.4 ,38260.2 ,6061.7 ,11833.5 ,110718.0 
6/27/2014,572580.82,15610,5716,3915,1689,4290,10231,4425,1945,15243,0,0,214288,103623.0 ,56394.6 ,8425.3 ,19856.8 ,44763.2 ,87108.3 ,32044.3 ,4787.4 ,9187.7 ,69192.2 
6/28/2014,746780.77,14694,4742,3392,2562,3997,9481,3550,2309,19399,0,0,214288,96209.6 ,57851.6 ,9174.2 ,22767.9 ,54347.4 ,86430.5 ,36850.1 ,5843.7 ,12262.1 ,104028.2 
6/29/2014,838269.89,20752,7399,5359,3193,4802,12223,8088,3035,18165,0,0,214288,119484.9 ,71629.4 ,11721.1 ,26933.0 ,55498.0 ,114191.8 ,44041.2 ,7206.7 ,16783.7 ,76170.9 
6/30/2014,920563.9,22604,8014,5475,3718,5397,14753,8369,3077,23041,0,0,214288,137915.1 ,78855.3 ,13755.2 ,31900.9 ,66686.3 ,95910.2 ,37116.6 ,6474.5 ,12744.5 ,83130.4 
7/1/2014,,,,,,,,,,,,,,,,,,,,,,,
7/2/2014,,,,,,,,,,,,,,,,,,,,,,,
7/3/2014,,,,,,,,,,,,,,,,,,,,,,,
7/4/2014,,,,,,,,,,,,,,,,,,,,,,,
7/5/2014,,,,,,,,,,,,,,,,,,,,,,,
7/6/2014,,,,,,,,,,,,,,,,,,,,,,,
7/7/2014,,,,,,,,,,,,,,,,,,,,,,,
7/8/2014,,,,,,,,,,,,,,,,,,,,,,,
7/9/2014,,,,,,,,,,,,,,,,,,,,,,,
7/10/2014,,,,,,,,,,,,,,,,,,,,,,,
7/11/2014,,,,,,,,,,,,,,,,,,,,,,,
7/12/2014,,,,,,,,,,,,,,,,,,,,,,,
7/13/2014,,,,,,,,,,,,,,,,,,,,,,,
7/14/2014,,,,,,,,,,,,,,,,,,,,,,,
7/15/2014,,,,,,,,,,,,,,,,,,,,,,,
7/16/2014,,,,,,,,,,,,,,,,,,,,,,,
7/17/2014,,,,,,,,,,,,,,,,,,,,,,,
7/18/2014,,,,,,,,,,,,,,,,,,,,,,,
7/19/2014,,,,,,,,,,,,,,,,,,,,,,,
7/20/2014,,,,,,,,,,,,,,,,,,,,,,,
7/21/2014,,,,,,,,,,,,,,,,,,,,,,,
7/22/2014,,,,,,,,,,,,,,,,,,,,,,,
7/23/2014,,,,,,,,,,,,,,,,,,,,,,,
7/24/2014,,,,,,,,,,,,,,,,,,,,,,,
7/25/2014,,,,,,,,,,,,,,,,,,,,,,,
7/26/2014,,,,,,,,,,,,,,,,,,,,,,,
7/27/2014,,,,,,,,,,,,,,,,,,,,,,,
7/28/2014,,,,,,,,,,,,,,,,,,,,,,,
7/29/2014,,,,,,,,,,,,,,,,,,,,,,,
7/30/2014,,,,,,,,,,,,,,,,,,,,,,,
7/31/2014,,,,,,,,,,,,,,,,,,,,,,,
8/1/2014,,,,,,,,,,,,,,,,,,,,,,,
8/2/2014,,,,,,,,,,,,,,,,,,,,,,,
8/3/2014,,,,,,,,,,,,,,,,,,,,,,,
8/4/2014,,,,,,,,,,,,,,,,,,,,,,,
8/5/2014,,,,,,,,,,,,,,,,,,,,,,,
8/6/2014,,,,,,,,,,,,,,,,,,,,,,,
8/7/2014,,,,,,,,,,,,,,,,,,,,,,,
8/8/2014,,,,,,,,,,,,,,,,,,,,,,,
8/9/2014,,,,,,,,,,,,,,,,,,,,,,,
8/10/2014,,,,,,,,,,,,,,,,,,,,,,,
8/11/2014,,,,,,,,,,,,,,,,,,,,,,,
8/12/2014,,,,,,,,,,,,,,,,,,,,,,,
8/13/2014,,,,,,,,,,,,,,,,,,,,,,,
8/14/2014,,,,,,,,,,,,,,,,,,,,,,,
8/15/2014,,,,,,,,,,,,,,,,,,,,,,,
8/16/2014,,,,,,,,,,,,,,,,,,,,,,,
8/17/2014,,,,,,,,,,,,,,,,,,,,,,,
8/18/2014,,,,,,,,,,,,,,,,,,,,,,,
8/19/2014,,,,,,,,,,,,,,,,,,,,,,,
8/20/2014,,,,,,,,,,,,,,,,,,,,,,,
8/21/2014,,,,,,,,,,,,,,,,,,,,,,,
8/22/2014,,,,,,,,,,,,,,,,,,,,,,,
8/23/2014,,,,,,,,,,,,,,,,,,,,,,,
8/24/2014,,,,,,,,,,,,,,,,,,,,,,,
8/25/2014,,,,,,,,,,,,,,,,,,,,,,,
8/26/2014,,,,,,,,,,,,,,,,,,,,,,,
8/27/2014,,,,,,,,,,,,,,,,,,,,,,,
8/28/2014,,,,,,,,,,,,,,,,,,,,,,,
8/29/2014,,,,,,,,,,,,,,,,,,,,,,,
8/30/2014,,,,,,,,,,,,,,,,,,,,,,,
8/31/2014,,,,,,,,,,,,,,,,,,,,,,,
9/1/2014,,,,,,,,,,,,,,,,,,,,,,,
9/2/2014,,,,,,,,,,,,,,,,,,,,,,,
9/3/2014,,,,,,,,,,,,,,,,,,,,,,,
9/4/2014,,,,,,,,,,,,,,,,,,,,,,,
9/5/2014,,,,,,,,,,,,,,,,,,,,,,,
9/6/2014,,,,,,,,,,,,,,,,,,,,,,,
9/7/2014,,,,,,,,,,,,,,,,,,,,,,,
9/8/2014,,,,,,,,,,,,,,,,,,,,,,,
9/9/2014,,,,,,,,,,,,,,,,,,,,,,,
9/10/2014,,,,,,,,,,,,,,,,,,,,,,,
9/11/2014,,,,,,,,,,,,,,,,,,,,,,,
9/12/2014,,,,,,,,,,,,,,,,,,,,,,,
9/13/2014,,,,,,,,,,,,,,,,,,,,,,,
9/14/2014,,,,,,,,,,,,,,,,,,,,,,,
9/15/2014,,,,,,,,,,,,,,,,,,,,,,,
9/16/2014,,,,,,,,,,,,,,,,,,,,,,,
9/17/2014,,,,,,,,,,,,,,,,,,,,,,,
9/18/2014,,,,,,,,,,,,,,,,,,,,,,,
9/19/2014,,,,,,,,,,,,,,,,,,,,,,,
9/20/2014,,,,,,,,,,,,,,,,,,,,,,,
9/21/2014,,,,,,,,,,,,,,,,,,,,,,,
9/22/2014,,,,,,,,,,,,,,,,,,,,,,,
9/23/2014,,,,,,,,,,,,,,,,,,,,,,,
9/24/2014,,,,,,,,,,,,,,,,,,,,,,,
9/25/2014,,,,,,,,,,,,,,,,,,,,,,,
9/26/2014,,,,,,,,,,,,,,,,,,,,,,,
9/27/2014,,,,,,,,,,,,,,,,,,,,,,,
9/28/2014,,,,,,,,,,,,,,,,,,,,,,,
9/29/2014,,,,,,,,,,,,,,,,,,,,,,,
9/30/2014,,,,,,,,,,,,,,,,,,,,,,,
10/1/2014,,,,,,,,,,,,,,,,,,,,,,,
10/2/2014,,,,,,,,,,,,,,,,,,,,,,,
10/3/2014,,,,,,,,,,,,,,,,,,,,,,,
10/4/2014,,,,,,,,,,,,,,,,,,,,,,,
10/5/2014,,,,,,,,,,,,,,,,,,,,,,,
10/6/2014,,,,,,,,,,,,,,,,,,,,,,,
10/7/2014,,,,,,,,,,,,,,,,,,,,,,,
10/8/2014,,,,,,,,,,,,,,,,,,,,,,,
10/9/2014,,,,,,,,,,,,,,,,,,,,,,,
10/10/2014,,,,,,,,,,,,,,,,,,,,,,,
10/11/2014,,,,,,,,,,,,,,,,,,,,,,,
10/12/2014,,,,,,,,,,,,,,,,,,,,,,,
10/13/2014,,,,,,,,,,,,,,,,,,,,,,,
10/14/2014,,,,,,,,,,,,,,,,,,,,,,,
10/15/2014,,,,,,,,,,,,,,,,,,,,,,,
10/16/2014,,,,,,,,,,,,,,,,,,,,,,,
10/17/2014,,,,,,,,,,,,,,,,,,,,,,,
10/18/2014,,,,,,,,,,,,,,,,,,,,,,,
10/19/2014,,,,,,,,,,,,,,,,,,,,,,,
10/20/2014,,,,,,,,,,,,,,,,,,,,,,,
10/21/2014,,,,,,,,,,,,,,,,,,,,,,,
10/22/2014,,,,,,,,,,,,,,,,,,,,,,,
10/23/2014,,,,,,,,,,,,,,,,,,,,,,,
10/24/2014,,,,,,,,,,,,,,,,,,,,,,,
10/25/2014,,,,,,,,,,,,,,,,,,,,,,,
10/26/2014,,,,,,,,,,,,,,,,,,,,,,,
10/27/2014,,,,,,,,,,,,,,,,,,,,,,,
10/28/2014,,,,,,,,,,,,,,,,,,,,,,,
10/29/2014,,,,,,,,,,,,,,,,,,,,,,,
10/30/2014,,,,,,,,,,,,,,,,,,,,,,,
10/31/2014,,,,,,,,,,,,,,,,,,,,,,,
11/1/2014,,,,,,,,,,,,,,,,,,,,,,,
11/2/2014,,,,,,,,,,,,,,,,,,,,,,,
11/3/2014,,,,,,,,,,,,,,,,,,,,,,,
11/4/2014,,,,,,,,,,,,,,,,,,,,,,,
11/5/2014,,,,,,,,,,,,,,,,,,,,,,,
11/6/2014,,,,,,,,,,,,,,,,,,,,,,,
11/7/2014,,,,,,,,,,,,,,,,,,,,,,,
11/8/2014,,,,,,,,,,,,,,,,,,,,,,,
11/9/2014,,,,,,,,,,,,,,,,,,,,,,,
11/10/2014,,,,,,,,,,,,,,,,,,,,,,,
11/11/2014,,,,,,,,,,,,,,,,,,,,,,,
11/12/2014,,,,,,,,,,,,,,,,,,,,,,,
11/13/2014,,,,,,,,,,,,,,,,,,,,,,,
11/14/2014,,,,,,,,,,,,,,,,,,,,,,,
11/15/2014,,,,,,,,,,,,,,,,,,,,,,,
11/16/2014,,,,,,,,,,,,,,,,,,,,,,,
11/17/2014,,,,,,,,,,,,,,,,,,,,,,,
11/18/2014,,,,,,,,,,,,,,,,,,,,,,,
11/19/2014,,,,,,,,,,,,,,,,,,,,,,,
11/20/2014,,,,,,,,,,,,,,,,,,,,,,,
11/21/2014,,,,,,,,,,,,,,,,,,,,,,,
11/22/2014,,,,,,,,,,,,,,,,,,,,,,,
11/23/2014,,,,,,,,,,,,,,,,,,,,,,,
11/24/2014,,,,,,,,,,,,,,,,,,,,,,,
11/25/2014,,,,,,,,,,,,,,,,,,,,,,,
11/26/2014,,,,,,,,,,,,,,,,,,,,,,,
11/27/2014,,,,,,,,,,,,,,,,,,,,,,,
11/28/2014,,,,,,,,,,,,,,,,,,,,,,,
11/29/2014,,,,,,,,,,,,,,,,,,,,,,,
11/30/2014,,,,,,,,,,,,,,,,,,,,,,,
12/1/2014,,,,,,,,,,,,,,,,,,,,,,,
12/2/2014,,,,,,,,,,,,,,,,,,,,,,,
12/3/2014,,,,,,,,,,,,,,,,,,,,,,,
12/4/2014,,,,,,,,,,,,,,,,,,,,,,,
12/5/2014,,,,,,,,,,,,,,,,,,,,,,,
12/6/2014,,,,,,,,,,,,,,,,,,,,,,,
12/7/2014,,,,,,,,,,,,,,,,,,,,,,,
12/8/2014,,,,,,,,,,,,,,,,,,,,,,,
12/9/2014,,,,,,,,,,,,,,,,,,,,,,,
12/10/2014,,,,,,,,,,,,,,,,,,,,,,,
12/11/2014,,,,,,,,,,,,,,,,,,,,,,,
12/12/2014,,,,,,,,,,,,,,,,,,,,,,,
12/13/2014,,,,,,,,,,,,,,,,,,,,,,,
12/14/2014,,,,,,,,,,,,,,,,,,,,,,,
12/15/2014,,,,,,,,,,,,,,,,,,,,,,,
12/16/2014,,,,,,,,,,,,,,,,,,,,,,,
12/17/2014,,,,,,,,,,,,,,,,,,,,,,,
12/18/2014,,,,,,,,,,,,,,,,,,,,,,,
12/19/2014,,,,,,,,,,,,,,,,,,,,,,,
12/20/2014,,,,,,,,,,,,,,,,,,,,,,,
12/21/2014,,,,,,,,,,,,,,,,,,,,,,,
12/22/2014,,,,,,,,,,,,,,,,,,,,,,,
12/23/2014,,,,,,,,,,,,,,,,,,,,,,,
12/24/2014,,,,,,,,,,,,,,,,,,,,,,,
12/25/2014,,,,,,,,,,,,,,,,,,,,,,,
12/26/2014,,,,,,,,,,,,,,,,,,,,,,,
12/27/2014,,,,,,,,,,,,,,,,,,,,,,,
12/28/2014,,,,,,,,,,,,,,,,,,,,,,,
12/29/2014,,,,,,,,,,,,,,,,,,,,,,,
12/30/2014,,,,,,,,,,,,,,,,,,,,,,,
12/31/2014,,,,,,,,,,,,,,,,,,,,,,,
