Date,Revenue,SEM,SEMCard,SEMPBook,SEMOther,SEMBrand,Display,FB,Affiliate,Partners,TV,TVImpression,DM,SEM_LTA,Display_LTA,FB_LTA,Affiliates_LTA,Partners_LTA,SEM_MTA,Display_MTA,FB_MTA,Affiliates_MTA,Partners_MTA
4/1/2011,343333,35388,26103,4947,2754,1584,16672,0,2152,8247,0,0,80580,,,,,,30548,1110,0,5689,44506
4/2/2011,348858,32134,23862,4736,2082,1454,15949,0,1458,8749,0,0,80580,,,,,,34563,789,0,7862,41787
4/3/2011,485584,43765,33393,5752,2707,1913,17853,0,1843,11015,0,0,80580,,,,,,52159,11720,0,10279,52663
4/4/2011,601371,58551,45916,6598,3739,2297,20678,0,2700,10472,0,0,80580,,,,,,52786,14879,0,11838,56141
4/5/2011,582829,57105,45151,6550,3634,1770,20166,0,2541,11350,0,0,80580,,,,,,50610,13811,0,12328,55758
4/6/2011,658550,51135,40669,5324,3400,1743,21718,0,2388,12147,0,0,80580,,,,,,60368,15445,0,13256,57175
4/7/2011,398488,43039,32672,5268,3397,1702,18466,0,2077,8446,0,0,80580,,,,,,39867,13344,0,8122,42026
4/8/2011,338289,29357,19127,5339,3156,1736,16701,0,545,7697,0,0,80580,,,,,,31462,12758,0,7559,40267
4/9/2011,330019,28694,19418,5521,2287,1467,16933,0,361,7800,0,0,80580,,,,,,35022,10260,0,7143,41588
4/10/2011,462846,34653,23743,6457,2746,1707,17838,0,1050,9427,0,0,80580,,,,,,55293,18648,0,8695,50928
4/11/2011,548322,38987,26182,7002,3574,2230,18538,0,2077,9100,0,0,80580,,,,,,51147,19393,0,9431,53330
4/12/2011,579503,28581,17859,5135,3547,2040,19578,0,2753,11629,0,0,80580,,,,,,53354,18784,0,12444,59745
4/13/2011,641910,21197,11983,4099,3012,2103,20199,0,3024,14157,0,0,80580,,,,,,54486,20718,0,15296,68237
4/14/2011,427424,14175,7883,2738,1880,1674,18901,0,3818,10488,0,0,80580,,,,,,35784,2964,0,9336,45668
4/15/2011,365369,12690,7521,2308,1306,1556,19070,0,3035,10504,0,0,80580,,,,,,33006,12782,0,7526,45008
4/16/2011,400898,12892,7148,2966,1349,1430,19146,0,2493,11342,0,0,80580,,,,,,38226,15302,0,9233,51034
4/17/2011,524873,15459,9117,2868,1781,1693,20059,0,2677,12450,0,0,80580,,,,,,48743,21938,0,10625,59194
4/18/2011,505201,23739,16462,3512,1778,1987,22546,0,3173,12426,0,0,80580,,,,,,47730,22854,0,10688,61487
4/19/2011,533575,27700,19616,4543,1584,1957,22417,0,2816,12698,0,0,80580,,,,,,52319,23098,0,10840,63040
4/20/2011,477089,29384,19957,5905,1758,1764,24276,0,2705,14125,0,0,80580,,,,,,43246,16769,0,10654,63423
4/21/2011,496313,24896,16502,5061,1457,1876,24151,0,2512,15561,0,0,80580,,,,,,41836,14748,0,11127,62943
4/22/2011,459378,16786,10379,3883,908,1616,22883,0,952,13256,0,0,80580,,,,,,43626,13143,0,10087,59140
4/23/2011,402010,12966,7244,3417,996,1309,21397,0,810,11405,0,0,80580,,,,,,37238,12166,0,8957,52454
4/24/2011,492605,13952,7407,4051,981,1512,21800,0,1378,11796,0,0,80580,,,,,,51133,13348,0,10554,59082
4/25/2011,789680,25469,16772,5161,1159,2377,26463,0,3228,18600,0,0,80580,,,,,,70539,20249,0,16944,90693
4/26/2011,756487,32012,24240,4793,752,2226,24600,0,2982,18528,0,0,80580,,,,,,68389,17907,0,18379,96882
4/27/2011,1025247,28855,19939,5517,1172,2228,21437,0,1947,18695,0,0,80580,,,,,,85890,18714,0,20263,123495
4/28/2011,1135934,26949,18585,5217,993,2154,21316,0,6863,19748,0,0,80580,,,,,,93902,21327,0,21927,134637
4/29/2011,538493,24805,17429,4547,839,1991,17998,0,5766,13631,0,0,80580,,,,,,43423,13371,0,12564,72089
4/30/2011,673605,21290,13636,4529,932,2193,20694,0,2802,15449,0,0,80580,,,,,,57830,31401,0,15378,86848
5/1/2011,1189196,28887,18876,5732,1255,3025,22991,0,4232,23281,0,0,80580,,,,,,105173,38118,0,29775,137931
5/2/2011,830368,39255,27430,7022,1400,3403,20502,0,5056,19341,0,0,80580,,,,,,83407,36566,0,17909,102098
5/3/2011,969225,43587,32917,5658,1691,3321,21724,0,3995,20578,0,0,80580,,,,,,86232,42123,0,21586,114637
5/4/2011,584423,33788,23875,5759,1500,2654,20295,0,3605,17331,0,0,80580,,,,,,58390,31803,0,13063,72498
5/5/2011,468457,28667,20299,4916,1250,2201,23590,0,2664,15752,0,0,80580,,,,,,48902,23749,0,10636,64063
5/6/2011,416190,23282,16399,4043,1021,1819,23769,0,2576,13599,0,0,80580,,,,,,43072,19040,0,11355,53513
5/7/2011,385665,20482,13778,4232,866,1606,24430,0,2076,13511,0,0,80580,,,,,,40245,17858,0,7712,54572
5/8/2011,778617,22455,14982,4429,959,2085,26403,0,2285,15018,0,0,80580,,,,,,64046,32453,0,17397,87355
5/9/2011,1104094,35898,25691,6094,1303,2810,29371,0,4429,18895,0,0,80580,,,,,,88978,45234,0,25285,119298
5/10/2011,626244,35861,26224,5810,1384,2443,28094,0,4207,16765,0,0,80580,,,,,,61893,31769,0,12550,81231
5/11/2011,663348,35216,25943,5606,1282,2385,28928,0,3618,17180,0,0,80580,,,,,,60682,32021,0,13052,87250
5/12/2011,488460,31962,23954,4645,1255,2108,28229,0,3557,13607,0,0,80580,,,,,,49307,25996,0,10989,69236
5/13/2011,416430,23144,16009,4216,1003,1917,27579,0,2928,14133,0,0,80580,,,,,,41200,22438,0,9924,69045
5/14/2011,431326,21369,14612,4231,834,1693,27292,0,2181,17826,0,0,80580,,,,,,44612,21869,0,8671,87445
5/15/2011,715558,30326,20787,6071,1223,2245,30144,0,3045,31528,0,0,80580,,,,,,49432,53267,0,9019,145871
5/16/2011,757063,33516,23284,6053,1425,2754,32107,0,4441,26472,0,0,80580,,,,,,71354,44103,0,14992,128323
5/17/2011,813087,33224,23273,5979,1310,2662,31226,0,4984,48812,0,0,80580,,,,,,67915,45663,0,15165,223147
5/18/2011,997546,31399,22523,5397,736,2743,32263,0,4888,65027,0,0,80580,,,,,,77094,49847,0,19744,318767
5/19/2011,513634,35839,27906,4937,625,2372,25858,0,5205,13998,0,0,80580,,,,,,49019,32002,0,12173,65281
5/20/2011,395854,28652,21414,4520,570,2148,24947,0,2400,10688,0,0,80580,,,,,,39357,27519,0,8376,42457
5/21/2011,347703,22675,16752,3656,502,1764,23753,0,1901,9675,0,0,80580,,,,,,34565,20412,0,8192,40452
5/22/2011,612457,30543,22842,4731,783,2187,26228,0,2523,12713,0,0,80580,,,,,,56707,38910,0,12494,59284
5/23/2011,700785,36562,27814,4974,762,3013,29925,0,3563,17515,0,0,80580,,,,,,69788,42518,0,15218,70844
5/24/2011,782850,28944,21271,4237,633,2804,29960,0,4944,20227,0,0,80580,,,,,,63384,38890,0,16116,81186
5/25/2011,937809,24705,17385,4049,603,2668,27231,0,5147,13080,0,0,80580,,,,,,72466,41373,0,20417,73306
5/26/2011,533492,23397,17110,3754,384,2148,27567,0,5331,11780,0,0,80580,,,,,,46540,35555,0,12531,49999
5/27/2011,425964,17811,12645,3025,266,1875,25949,0,3333,10799,0,0,80580,,,,,,39665,23761,0,12539,45842
5/28/2011,386124,15129,10596,2967,221,1346,25963,0,2362,11039,0,0,80580,,,,,,33818,23357,0,9058,48258
5/29/2011,413584,16656,11535,3426,204,1492,27445,0,2096,12642,0,0,80580,,,,,,36758,24487,0,9226,53342
5/30/2011,789513,20195,14312,3464,274,2145,30707,0,3408,23114,0,0,80580,,,,,,62226,40841,0,20359,102274
5/31/2011,667407,27723,20258,4331,673,2461,36106,0,4411,26839,0,0,80580,,,,,,57494,38421,0,13528,109367
6/1/2011,649016,27479,19035,4752,1039,2653,35149,0,3877,15888,0,0,261628,,,,,,58874,41174,0,14628,58328
6/2/2011,585814,22572,14368,4542,1050,2612,33427,0,3517,13663,0,0,261628,,,,,,57086,37441,0,12991,56021
6/3/2011,519383,20087,12021,4020,1607,2439,32633,0,3149,12051,0,0,261628,,,,,,46797,31813,0,11813,47440
6/4/2011,444963,17987,11018,3928,1219,1822,30077,0,2449,11613,0,0,261628,,,,,,42028,27632,0,9315,48241
6/5/2011,627233,22493,14122,4715,1687,1969,32003,0,2707,13694,0,0,261628,,,,,,59710,39095,0,15806,58214
6/6/2011,785640,28078,17382,5613,2672,2412,33685,0,3689,14133,0,0,261628,,,,,,68802,48269,0,16831,70739
6/7/2011,795322,28202,18537,5053,1622,2991,32636,0,4148,17284,0,0,261628,,,,,,73243,44572,0,19339,79716
6/8/2011,1051879,27122,17805,4838,1483,2996,32592,0,5182,20259,0,0,261628,,,,,,86830,53180,0,21381,105169
6/9/2011,1338311,27136,17640,4586,2205,2705,35414,0,7059,23872,0,0,261628,,,,,,98940,63275,0,32734,127955
6/10/2011,566191,20691,11683,3898,2631,2479,30729,0,6653,16079,0,0,261628,,,,,,50171,40856,0,12718,63587
6/11/2011,548863,19085,10830,4028,2207,2020,29768,0,2395,17643,0,0,261628,,,,,,47733,36877,0,12610,67655
6/12/2011,884901,24845,14418,4936,2956,2534,30802,0,3654,23146,0,0,261628,,,,,,81946,64713,0,18113,90055
6/13/2011,919110,31576,18768,5709,4138,2961,32068,0,4148,17116,0,0,261628,,,,,,82174,70570,0,22136,86419
6/14/2011,1067466,31640,18597,5825,3937,3281,30214,0,5110,18647,0,0,261628,,,,,,93650,67093,0,24343,95444
6/15/2011,582203,28411,16853,5900,3380,2278,35863,0,3616,16023,0,0,261628,,,,,,57496,40152,0,12618,63799
6/16/2011,571873,25696,15757,5552,2383,2004,34612,0,3516,14715,0,0,261628,,,,,,50061,36509,0,14501,60627
6/17/2011,457930,20926,12576,4666,1870,1813,25989,0,2941,13655,0,0,261628,,,,,,38510,30977,0,11997,56392
6/18/2011,388487,18082,11434,3645,1470,1534,24161,0,2306,13886,0,0,261628,,,,,,37124,28033,0,10194,53716
6/19/2011,483150,21718,13415,4950,1432,1921,24940,0,2115,16518,0,0,261628,,,,,,42275,30671,0,10792,71696
6/20/2011,752088,31463,21667,5466,1954,2377,29752,0,3776,22356,0,0,261628,,,,,,64544,44943,0,13967,114256
6/21/2011,799851,34072,25490,4737,1638,2207,27106,0,3825,19844,0,0,261628,,,,,,68555,41459,0,19499,118676
6/22/2011,1036901,32287,24137,4703,972,2474,26974,0,5521,23321,0,0,261628,,,,,,77153,47681,0,21451,165987
6/23/2011,499770,35736,28014,4833,575,2314,26833,0,5075,16837,0,0,261628,,,,,,42574,36368,0,9340,54855
6/24/2011,429563,24314,18054,4127,493,1640,25967,0,2377,17363,0,0,261628,,,,,,39913,32088,0,9346,58043
6/25/2011,436670,18343,12481,4062,498,1303,24035,0,1917,20418,0,0,261628,,,,,,34665,28378,0,9656,66735
6/26/2011,649431,23684,16522,4875,647,1640,24502,0,2311,33626,0,0,261628,,,,,,55080,39417,0,14774,97705
6/27/2011,801171,26837,18617,5288,432,2499,26378,0,3503,52034,0,0,261628,,,,,,61974,50253,0,17957,127871
6/28/2011,734912,12958,7952,3043,104,1858,26591,0,3661,73354,0,0,261628,,,,,,54229,14795,0,15163,162087
6/29/2011,650680,9644,4830,2883,0,1931,23992,0,3913,29949,0,0,261628,,,,,,56872,15527,0,15429,94956
6/30/2011,567615,10495,4854,3843,0,1797,27876,0,3267,35181,0,0,261628,,,,,,43930,29918,0,12137,151312
7/1/2011,358674,12167,7828,2971,258,1110,11813,0,2883,11348,0,0,161384,,,,,,36142,25963,0,8666,35812
7/2/2011,280478,12353,7527,3644,394,788,11032,0,1784,8395,0,0,161384,,,,,,28653,21742,0,7802,28372
7/3/2011,356349,14525,8949,4181,310,1086,11648,0,1645,9167,0,0,161384,,,,,,32372,22992,0,8659,29474
7/4/2011,488464,17677,8037,8177,371,1092,12799,0,2188,10648,0,0,161384,,,,,,49771,30772,0,13072,42297
7/5/2011,733080,31305,22833,6053,786,1633,17937,0,2858,15010,0,0,161384,,,,,,65271,47306,0,21561,51162
7/6/2011,614058,39132,30880,5880,705,1668,16296,0,3553,14918,0,0,161384,,,,,,63095,39602,0,13486,48292
7/7/2011,487986,35858,27858,5654,660,1686,13899,0,2723,11986,0,0,161384,,,,,,54559,35358,0,9713,40215
7/8/2011,429735,24292,16500,5603,724,1465,16373,0,2369,10700,0,0,161384,,,,,,45321,32221,0,9773,40284
7/9/2011,374842,19723,12818,5158,550,1196,11590,0,1959,10535,0,0,161384,,,,,,42778,25317,0,8656,36081
7/10/2011,493943,24489,16169,6072,747,1501,12868,0,2060,13601,0,0,161384,,,,,,55601,35781,0,9858,53210
7/11/2011,601991,32748,23239,6862,917,1730,15344,0,2711,15844,0,0,161384,,,,,,63108,40561,0,13900,67412
7/12/2011,657904,30527,22369,5667,845,1646,15781,0,3545,13477,0,0,161384,,,,,,61315,41866,0,15900,48744
7/13/2011,795577,28802,21208,5051,921,1622,15565,0,3806,12788,0,0,161384,,,,,,72165,40987,0,18744,52149
7/14/2011,434698,24030,17152,4563,900,1414,14515,0,3994,11163,0,0,161384,,,,,,45923,30326,0,9555,36803
7/15/2011,408697,22616,16125,4310,763,1418,13824,0,2108,10586,0,0,161384,,,,,,49341,28379,0,9380,36101
7/16/2011,403202,20356,14485,4146,699,1026,12514,0,2153,10401,0,0,161384,,,,,,45616,31768,0,10375,38668
7/17/2011,632961,27037,19897,5103,901,1136,14464,0,2547,11667,0,0,161384,,,,,,76245,17751,0,14547,48061
7/18/2011,603495,35135,26668,5654,1130,1683,16705,0,3528,13231,0,0,161384,,,,,,64078,44126,0,14863,46460
7/19/2011,583108,34690,26493,5511,1045,1641,16721,0,3141,13128,0,0,161384,,,,,,62420,39823,0,14470,45626
7/20/2011,821047,31368,23154,5623,998,1594,15813,0,3523,12716,0,0,161384,,,,,,67761,45235,0,17630,56323
7/21/2011,528314,25999,18706,4829,917,1547,15814,0,3522,13982,0,0,161384,,,,,,57799,36215,0,13526,42579
7/22/2011,472827,23137,16165,4663,727,1582,14996,0,2504,12747,0,0,161384,,,,,,51840,30573,0,10983,41720
7/23/2011,411406,20322,13838,4491,639,1354,12976,0,2074,11338,0,0,161384,,,,,,46828,30972,0,12485,35463
7/24/2011,558049,25533,18297,5136,815,1285,14933,0,2545,13724,0,0,161384,,,,,,61700,37473,0,14991,45796
7/25/2011,737152,33764,25057,5904,1122,1680,18734,0,3347,19043,0,0,161384,,,,,,67884,44089,0,17019,58509
7/26/2011,807359,30718,22457,5458,1050,1753,19993,0,3373,29208,0,0,161384,,,,,,72453,43358,0,19820,76834
7/27/2011,1020619,27276,19404,5130,934,1808,22015,0,4955,36492,0,0,161384,,,,,,87843,52302,0,26343,97762
7/28/2011,656327,25500,18139,5023,762,1576,20938,0,4867,28447,0,0,161384,,,,,,61939,35937,0,16259,76704
7/29/2011,552360,23086,16521,4541,714,1310,20273,0,3805,29280,0,0,161384,,,,,,50731,35020,0,12853,77286
7/30/2011,511493,20602,14400,4395,585,1222,22060,0,2769,36235,0,0,161384,,,,,,45922,28193,0,12217,85605
7/31/2011,803115,28214,19818,5779,861,1757,31398,0,3523,82079,0,0,161384,,,,,,73020,42810,0,17439,187902
8/1/2011,905196,35562,27018,5726,1010,1807,25239,0,4692,50648,0,0,161384,,,,,,78844,47527,0,19189,120000
8/2/2011,810226,37691,29107,5590,1393,1601,20224,0,4938,12428,0,0,161384,,,,,,81346,45522,0,19359,47581
8/3/2011,1140315,35739,27531,5349,1352,1506,18549,0,5537,12346,0,0,161384,,,,,,94434,53914,0,28216,58707
8/4/2011,500785,33614,26104,4718,1404,1389,15922,0,5662,10731,0,0,161384,,,,,,51915,31858,0,13394,36287
8/5/2011,416079,33564,27008,4084,1185,1286,14982,0,2699,9455,0,0,161384,,,,,,45709,29758,0,11025,32037
8/6/2011,391878,29836,23404,4133,1153,1147,14066,0,2173,9290,0,0,161384,,,,,,46711,28071,0,11743,32309
8/7/2011,527458,46432,37872,5455,1606,1499,16226,0,2739,11636,0,0,161384,,,,,,69686,39826,0,14863,37686
8/8/2011,617762,50462,41880,5348,1796,1438,17189,0,3428,12284,0,0,161384,,,,,,70696,38379,0,19279,46369
8/9/2011,669559,47787,39089,5694,1481,1523,20058,0,4112,17685,0,0,161384,,,,,,75426,42287,0,18092,47311
8/10/2011,687053,44806,37071,5047,1310,1378,21297,0,4203,17449,0,0,161384,,,,,,66467,38946,0,19731,48401
8/11/2011,504802,36278,28965,4764,1199,1349,16417,0,4077,10051,0,0,161384,,,,,,54136,28294,0,14477,32765
8/12/2011,408331,29326,22498,4676,1006,1147,13739,0,3205,9331,0,0,161384,,,,,,44108,26287,0,11402,31114
8/13/2011,395941,26739,19591,5137,931,1080,12534,0,2357,9568,0,0,161384,,,,,,43103,24988,0,12121,31101
8/14/2011,571733,34656,26520,5606,1267,1264,14315,0,3271,11482,0,0,161384,,,,,,66968,39343,0,18273,44435
8/15/2011,711063,41431,32177,6391,1356,1507,16860,0,4160,13807,0,0,161384,,,,,,74717,42737,0,21074,48485
8/16/2011,685858,39535,30945,5783,1314,1493,16774,0,4282,12809,0,0,161384,,,,,,69773,38334,0,19325,49050
8/17/2011,808429,36756,27307,6585,1287,1577,16976,0,4748,13971,0,0,161384,,,,,,74159,44173,0,22586,56527
8/18/2011,520564,34896,25606,6583,1185,1522,14929,0,4695,13817,0,0,161384,,,,,,54785,33074,0,13658,40185
8/19/2011,443254,30898,22626,5729,1276,1267,13660,0,2628,11626,0,0,161384,,,,,,47627,28687,0,12176,38147
8/20/2011,424824,27839,19523,6052,1034,1230,12725,0,2260,10206,0,0,161384,,,,,,45626,26148,0,9814,34183
8/21/2011,700007,36711,26761,7133,1208,1609,15148,0,2818,12037,0,0,161384,,,,,,70996,40353,0,17897,45577
8/22/2011,763026,48416,37697,7302,1532,1884,17468,0,3663,15021,0,0,161384,,,,,,66854,40946,0,21616,50940
8/23/2011,901384,46482,35959,6957,1703,1863,16824,0,3904,13498,0,0,161384,,,,,,74932,43805,0,23439,55549
8/24/2011,1391100,35357,25036,6881,1522,1917,17843,0,3896,12428,0,0,161384,,,,,,104321,53240,0,32702,68569
8/25/2011,478774,32374,23487,6076,1326,1485,19319,0,5886,10535,0,0,161384,,,,,,49934,28549,0,13787,39687
8/26/2011,378875,26938,19767,4951,983,1237,18792,0,2414,8879,0,0,161384,,,,,,40468,26149,0,11446,34813
8/27/2011,405417,27427,18816,5565,1109,1937,14142,0,2287,8385,0,0,161384,,,,,,31916,9362,0,8869,28047
8/28/2011,569267,32536,22945,6736,1405,1449,15954,0,2489,11399,0,0,161384,,,,,,63487,38147,0,14290,44130
8/29/2011,550628,34434,25234,6028,1705,1467,18226,0,3067,13519,0,0,161384,,,,,,56227,36240,0,14702,46910
8/30/2011,566370,36714,27058,6501,1699,1456,18720,0,3184,15988,0,0,161384,,,,,,54689,34668,0,13571,51284
8/31/2011,669026,35588,25336,6234,1931,2087,22083,0,3707,22099,0,0,161384,,,,,,57101,35020,0,17550,66876
9/1/2011,490928,32543,23905,5932,1390,1316,16047,0,3806,11502,0,0,161384,,,,,,48301,32524,0,12423,41361
9/2/2011,422440,27616,19618,5613,1152,1233,13504,0,2654,10072,0,0,161384,,,,,,45000,26909,0,11059,35316
9/3/2011,378487,25770,18119,5260,1165,1226,13329,0,2165,10329,0,0,161384,,,,,,37938,24190,0,9972,34674
9/4/2011,486052,31232,22961,5746,1320,1204,14330,0,2198,12068,0,0,161384,,,,,,48485,32075,0,12431,40510
9/5/2011,889722,37388,26685,7030,1759,1914,18612,0,4044,16759,0,0,161384,,,,,,87276,53631,0,24821,66471
9/6/2011,1286342,41840,29776,7484,2376,2204,21295,0,5425,18128,0,0,161384,,,,,,87930,61064,0,35577,76870
9/7/2011,835752,39353,28773,6804,2040,1736,18528,0,5714,16667,0,0,161384,,,,,,84370,48074,0,25289,64471
9/8/2011,425854,34422,24461,6179,1813,1969,14328,0,3845,12089,0,0,161384,,,,,,43092,27053,0,10210,39189
9/9/2011,340986,27823,19398,5462,1658,1305,13814,0,2224,10700,0,0,161384,,,,,,36762,22789,0,9978,34113
9/10/2011,336666,23759,15328,5655,1523,1253,13178,0,1876,11358,0,0,161384,,,,,,32679,23527,0,11541,36549
9/11/2011,478706,29681,19622,6378,2072,1609,15207,0,2435,16368,0,0,161384,,,,,,50200,33318,0,13334,52186
9/12/2011,528191,33991,22800,7096,2335,1760,16515,0,2633,16770,0,0,161384,,,,,,49523,34633,0,12610,52856
9/13/2011,518818,33271,22664,6719,2196,1692,14797,0,3083,13210,0,0,161384,,,,,,50018,35305,0,15514,49143
9/14/2011,593233,29272,19672,5761,2213,1626,15344,0,3119,12603,0,0,161384,,,,,,52089,30407,0,15253,47235
9/15/2011,587068,26197,17811,4826,1921,1639,15228,0,4002,14249,0,0,161384,,,,,,50875,32753,0,15043,49058
9/16/2011,450588,21392,14403,3867,1707,1415,13649,0,2353,12788,0,0,161384,,,,,,42147,23366,0,11802,42473
9/17/2011,463241,20559,12918,4655,1661,1324,12482,0,1868,12603,0,0,161384,,,,,,41497,26437,0,10691,44662
9/18/2011,648531,26993,18008,5046,2172,1767,14891,0,2868,16410,0,0,161384,,,,,,58100,12585,0,15688,58920
9/19/2011,789154,30887,20429,5433,2242,2782,16857,0,3671,19980,0,0,161384,,,,,,58599,37545,0,20451,71576
9/20/2011,932412,29742,19406,5259,2735,2341,16924,0,3899,22582,0,0,161384,,,,,,67713,44325,0,21426,83374
9/21/2011,1645700,27596,17667,4756,2718,2455,18929,0,5104,24187,0,0,161384,,,,,,84880,53091,0,36399,109099
9/22/2011,479026,24835,15735,5170,2229,1700,17618,0,4865,22480,0,0,161384,,,,,,43096,29669,0,12212,61603
9/23/2011,434284,21697,13543,4661,1996,1496,18278,0,2706,23159,0,0,161384,,,,,,38455,24167,0,12471,59628
9/24/2011,454581,21366,12843,5019,2052,1452,19483,0,2545,27418,0,0,161384,,,,,,40546,24277,0,12744,68140
9/25/2011,897363,26888,16990,6016,2086,1797,27200,0,3346,57747,0,0,161384,,,,,,66550,43076,0,19821,144647
9/26/2011,841614,31085,19967,6384,2278,2456,29833,0,4063,82593,0,0,161384,,,,,,59086,39659,0,18241,205734
9/27/2011,636685,28511,18108,6178,2171,2053,21242,0,4005,23405,0,0,161384,,,,,,53633,40356,0,17108,69537
9/28/2011,1061267,26002,16455,5529,2155,1862,22507,0,3718,20720,0,0,161384,,,,,,71143,49200,0,24560,69544
9/29/2011,408084,23352,14506,5070,2122,1655,21205,0,3113,12963,0,0,161384,,,,,,42874,22019,0,10354,45929
9/30/2011,443037,17433,9806,4307,1966,1353,15384,0,2214,14465,0,0,161384,,,,,,42789,24296,0,10463,55696
10/1/2011,360450,18089,10085,4972,1747,1284,25475,0,1231,11085,0,0,171014,,,,,,36536,22347,0,9045,36891
10/2/2011,603506,21460,12099,6050,1842,1470,29131,0,1463,13758,0,0,171014,,,,,,62691,41011,0,14398,52548
10/3/2011,602616,35892,25238,6253,2726,1675,30542,0,1786,14120,0,0,171014,,,,,,49982,52911,0,10761,48390
10/4/2011,596323,37696,26125,6938,2716,1917,29782,0,2328,13225,0,0,171014,,,,,,36364,55573,0,9537,42726
10/5/2011,780294,31690,20868,6451,2631,1740,30456,0,3218,14833,0,0,171014,,,,,,59750,49444,0,16051,56579
10/6/2011,424397,27331,17291,5790,2759,1491,23205,0,3707,11014,0,0,171014,,,,,,44143,27312,0,9570,39669
10/7/2011,345012,23550,14420,5148,2369,1612,21871,0,2805,9929,0,0,171014,,,,,,40796,25348,0,7910,34560
10/8/2011,348966,22774,14015,5247,2296,1216,21323,0,1955,9999,0,0,171014,,,,,,36074,25175,0,8395,37363
10/9/2011,497532,29118,17713,6834,2771,1799,25474,0,2467,14160,0,0,171014,,,,,,53146,35595,0,11373,50624
10/10/2011,640497,35743,24120,6805,3092,1726,28499,0,3453,15165,0,0,171014,,,,,,59646,47692,0,15490,54223
10/11/2011,610782,36709,26251,5417,3357,1684,28562,0,3864,14130,0,0,171014,,,,,,55394,41412,0,12824,53496
10/12/2011,684759,37863,27270,5339,3344,1910,28953,0,3585,14652,0,0,171014,,,,,,65632,40554,0,16632,55427
10/13/2011,571584,32903,22899,5209,3066,1729,26706,0,4282,13457,0,0,171014,,,,,,52655,37489,0,12677,50462
10/14/2011,469239,27157,17925,5038,2780,1415,25922,0,3728,12321,0,0,171014,,,,,,42473,29104,0,11861,48646
10/15/2011,451013,25060,15313,5333,3041,1373,24316,0,2809,13849,0,0,171014,,,,,,46640,28708,0,12412,47682
10/16/2011,631967,32907,20837,6733,3518,1820,27835,0,3373,16120,0,0,171014,,,,,,58601,42300,0,16564,61265
10/17/2011,757418,35798,24564,5583,3802,1849,28937,0,2822,16049,0,0,171014,,,,,,64532,47309,0,19402,66957
10/18/2011,787295,30443,21952,3149,3642,1700,29281,0,2151,18803,0,0,171014,,,,,,72083,41784,0,17471,68512
10/19/2011,1272311,26944,18532,3298,3342,1772,29225,0,5051,18190,0,0,171014,,,,,,88999,53866,0,25167,95704
10/20/2011,531981,23840,16142,2792,3173,1734,26888,0,6010,15678,0,0,171014,,,,,,46259,30862,0,11924,56304
10/21/2011,438146,12898,5574,2916,2903,1505,25640,0,2720,18723,0,0,171014,,,,,,45428,26006,0,10510,61575
10/22/2011,449764,14247,7393,2814,2587,1453,24227,0,2178,19838,0,0,171014,,,,,,45011,27954,0,10308,64548
10/23/2011,654121,23792,15819,3061,2926,1986,28425,0,3126,26652,0,0,171014,,,,,,63918,12274,0,14815,82686
10/24/2011,789919,26352,16167,4718,3274,2193,33019,0,4113,31064,0,0,171014,,,,,,69757,45957,0,16848,94633
10/25/2011,821619,24636,14112,4911,3443,2170,34368,0,4691,33395,0,0,171014,,,,,,71788,48545,0,19125,110359
10/26/2011,994956,31936,21249,4853,3684,2150,34040,0,5527,37465,0,0,171014,,,,,,90884,56277,0,23072,125542
10/27/2011,684235,29257,19211,3970,3508,2568,43405,0,5688,61866,0,0,171014,,,,,,54794,36970,0,15776,145589
10/28/2011,609605,27779,18257,3853,3265,2405,39596,0,3805,64298,0,0,171014,,,,,,48823,32448,0,12810,176578
10/29/2011,553475,29539,19465,4634,3074,2366,30311,0,3568,21376,0,0,171014,,,,,,58398,33415,0,11838,69403
10/30/2011,763836,42402,31025,5253,3395,2729,34382,0,3110,20883,0,0,171014,,,,,,85951,48481,0,16736,83810
10/31/2011,737466,46840,35477,5865,3075,2424,47023,0,3999,29184,0,0,171014,,,,,,65862,43959,0,14159,64335
11/1/2011,889035,59608,42525,9100,5191,2792,38978,0,4951,19768,0,0,4219833,,,,,,87076,51884,0,19001,77987
11/2/2011,1273755,57423,40371,8367,4814,3872,43220,0,6075,24773,0,0,4219833,,,,,,109888,64798,0,26825,104464
11/3/2011,1153192,40021,25763,6932,4380,2946,36547,0,7573,19074,0,0,4219833,,,,,,101599,63190,0,25546,106146
11/4/2011,682797,32147,21306,5789,2651,2402,33746,0,6925,16029,0,0,4219833,,,,,,65363,41789,0,17645,66679
11/5/2011,779426,45353,31828,5950,4931,2644,35923,0,4218,19476,0,0,4219833,,,,,,80252,53985,0,18652,83942
11/6/2011,1290648,76706,58902,7916,6083,3805,39551,0,5269,21114,0,0,4219833,,,,,,127260,78686,0,28054,110386
11/7/2011,1866145,71628,56334,6279,5864,3151,42494,0,10104,22341,0,0,4219833,,,,,,160446,91993,0,42034,145650
11/8/2011,1400087,61206,48274,5781,4073,3077,40316,0,11656,21366,0,0,4219833,,,,,,121354,78904,0,29729,114148
11/9/2011,1679464,50106,37459,5633,3980,3035,41169,0,9458,25376,0,0,4219833,,,,,,142683,81102,0,36735,141670
11/10/2011,1011470,60160,48726,4560,4134,2740,36238,0,10256,20431,0,0,4219833,,,,,,99630,65860,0,25358,93252
11/11/2011,973514,51050,39900,4956,3509,2685,44038,0,7178,28059,0,0,4219833,,,,,,92268,61023,0,22014,94375
11/12/2011,1128723,61400,50189,5049,3507,2654,44413,0,6467,31295,0,0,4219833,,,,,,116630,73911,0,24890,121568
11/13/2011,1881029,100581,88665,5055,3585,3276,46931,0,8850,38651,0,0,4219833,,,,,,197045,129591,0,39455,181356
11/14/2011,1649778,96624,83345,6206,3733,3340,50965,0,11002,38561,0,0,4219833,,,,,,164002,107788,0,37390,160309
11/15/2011,2430510,88627,73225,7161,4757,3484,65384,0,12116,44370,0,0,4219833,,,,,,195128,139265,0,48923,213895
11/16/2011,3387268,77154,59645,8417,5646,3446,75477,0,19603,36882,0,0,4219833,,,,,,256956,180413,0,62466,258165
11/17/2011,1481921,60776,42427,8587,6551,3211,71397,0,19943,31054,0,0,4219833,,,,,,125790,88452,0,32645,130146
11/18/2011,1406553,56358,40347,6353,6766,2892,77287,0,10305,29225,0,0,4219833,,,,,,116224,88713,0,28449,127395
11/19/2011,2019752,99193,83006,7973,5225,2989,66230,0,11354,29566,0,0,4219833,,,,,,171382,107792,0,40807,168453
11/20/2011,3229618,147103,124279,11742,7199,3882,81870,0,15428,46400,0,0,4219833,,,,,,280480,180017,0,63319,246524
11/21/2011,3040288,126958,104411,10619,8359,3569,84778,0,19654,47234,0,0,4219833,,,,,,248658,154489,0,56413,248727
11/22/2011,1902066,79836,58872,10131,7798,3035,73078,0,18034,42701,0,0,4219833,,,,,,169077,113076,0,39601,203617
11/23/2011,1574930,62280,44338,8478,6937,2527,62981,0,11591,25858,0,0,4219833,,,,,,145752,93454,0,30940,150312
11/24/2011,1223846,55341,41578,6670,4986,2106,53461,0,6589,16492,0,0,4219833,,,,,,125200,79892,0,27769,95623
11/25/2011,2824691,133255,117626,7749,4267,3613,68898,0,12033,30873,0,0,4219833,,,,,,286412,181536,0,57798,215442
11/26/2011,3113818,168381,150002,7714,6443,4222,80023,0,15617,38621,0,0,4219833,,,,,,332113,200511,0,63851,251092
11/27/2011,6491981,241425,214074,14141,7172,6038,111904,0,23250,68348,0,0,4219833,,,,,,626766,391876,0,127931,500717
11/28/2011,5739972,293571,251622,16176,18694,7079,127272,0,38082,59695,0,0,4219833,,,,,,547217,326362,0,123059,418702
11/29/2011,5014902,268066,228596,12776,19267,7427,122135,0,34702,60479,0,0,4219833,,,,,,489961,299862,0,103826,406251
11/30/2011,8515815,266737,230329,11642,16337,8428,158468,0,38957,97593,0,0,4219833,,,,,,707684,447785,0,168463,691556
12/1/2011,3177849,236898,204749,15569,9747,6832,141322,0,46018,62147,0,0,132083,,,,,,364950,219283,0,72702,279424
12/2/2011,2774433,181009,153287,13374,8583,5765,132683,0,15074,40118,0,0,132083,,,,,,335316,206379,0,65787,219482
12/3/2011,3885066,197192,168019,13733,8961,6479,113380,0,16545,43797,0,0,132083,,,,,,465558,290317,0,87858,304096
12/4/2011,8690179,268715,231839,16222,11558,9097,157740,0,25743,68127,0,0,132083,,,,,,884722,575377,0,189546,592177
12/5/2011,5332646,186625,150048,16026,12626,7925,197656,0,36983,62348,0,0,132083,,,,,,614228,402379,0,121070,404785
12/6/2011,5298425,176825,143014,14572,11937,7302,125251,0,23259,69815,0,0,132083,,,,,,602204,387288,0,118714,435127
12/7/2011,6830652,175576,144750,13293,10988,6545,178164,0,26244,77343,0,0,132083,,,,,,697181,448879,0,157911,549942
12/8/2011,4417287,160726,133053,12585,9670,5418,107546,0,30587,50128,0,0,132083,,,,,,542969,358738,0,104082,309643
12/9/2011,3717931,113407,86180,11018,11613,4597,89577,0,18123,45877,0,0,132083,,,,,,455973,296435,0,89409,284963
12/10/2011,4518942,113022,87348,11495,9667,4512,86346,0,18934,51294,0,0,132083,,,,,,566584,388369,0,111384,333229
12/11/2011,8657495,150124,119094,13858,11145,6027,122025,0,23555,77755,0,0,132083,,,,,,955679,711773,0,200593,590247
12/12/2011,5714404,177698,141966,15908,13996,5828,116474,0,34525,71916,0,0,132083,,,,,,693537,504208,0,131228,428005
12/13/2011,5522706,169359,135433,13165,15209,5551,108085,0,25631,62791,0,0,132083,,,,,,675059,479072,0,137510,397336
12/14/2011,6105936,133069,99334,11903,16804,5029,119462,0,22837,67172,0,0,132083,,,,,,685841,481254,0,147232,442743
12/15/2011,5500574,114474,85003,11562,13416,4492,104438,0,27454,55515,0,0,132083,,,,,,599783,433621,0,131699,408977
12/16/2011,2693790,104323,77635,10076,12766,3845,69041,0,18909,41425,0,0,132083,,,,,,351997,269884,0,68939,208129
12/17/2011,2974666,104752,77182,10525,13131,3914,69482,0,5709,41385,0,0,132083,,,,,,392514,310827,0,74732,237140
12/18/2011,4682331,122009,91091,11024,15312,4582,92228,0,7431,60831,0,0,132083,,,,,,595133,466164,0,119963,363656
12/19/2011,3003034,113695,82887,11805,14762,4241,75233,0,6946,38460,0,0,132083,,,,,,391237,301250,0,76101,230866
12/20/2011,2528433,123441,98145,9474,12547,3274,68224,0,5812,38330,0,0,132083,,,,,,323639,245965,0,62378,203839
12/21/2011,1220987,50381,31171,7234,9427,2549,50216,0,4662,23315,0,0,132083,,,,,,162085,45097,0,32289,94710
12/22/2011,913954,27190,11522,6359,7082,2227,45129,0,4922,23114,0,0,132083,,,,,,118658,93558,0,25520,74470
12/23/2011,688116,22020,9589,5375,5355,1701,37232,0,3585,18190,0,0,132083,,,,,,89331,67566,0,17192,63652
12/24/2011,427103,15087,6132,4020,3765,1170,31993,0,2462,13406,0,0,132083,,,,,,54456,41910,0,9926,45089
12/25/2011,505639,16753,6856,4467,4053,1377,27219,0,1681,13075,0,0,132083,,,,,,55180,49861,0,11396,50849
12/26/2011,1019402,30907,15406,7574,5889,2038,37856,0,3667,22069,0,0,132083,,,,,,121385,93885,0,28118,84182
12/27/2011,1087529,44010,28095,8385,5208,2322,55206,0,4837,28883,0,0,132083,,,,,,125278,90814,0,28457,103382
12/28/2011,1018498,52514,36692,8448,5277,2097,52796,0,5459,32541,0,0,132083,,,,,,120869,89967,0,27510,102361
12/29/2011,947325,50361,36309,7087,4928,2037,52363,0,5550,17959,0,0,132083,,,,,,105101,79020,0,26516,83450
12/30/2011,889778,66843,54278,6083,4743,1738,41516,0,5069,17205,0,0,132083,,,,,,101226,67961,0,22635,81199
12/31/2011,760621,48877,38794,4927,3777,1379,38304,0,4098,13929,0,0,132083,,,,,,113958,91530,0,29360,95003
1/1/2012,977335,46027,32981,6527,4567,1951,23848,0,3346,14757,0,0,154142,,,,,,97623,88067,0,26347,85682
1/2/2012,1559438,57181,42008,7952,4919,2302,33625,0,6139,23801,0,0,154142,,,,,,151883,131074,0,41946,129684
1/3/2012,1168733,56039,42061,7172,4903,1903,27302,0,6176,19069,0,0,154142,,,,,,106265,91279,0,30000,100888
1/4/2012,1249739,54342,38482,7560,6583,1718,30542,0,5743,21659,0,0,154142,,,,,,108202,92851,0,31874,110342
1/5/2012,799675,51662,34960,7837,7294,1571,22553,0,5576,15347,0,0,154142,,,,,,81414,69341,0,22593,75417
1/6/2012,643441,43726,28365,6895,6934,1532,20612,0,2968,13633,0,0,154142,,,,,,69488,52583,0,17506,66939
1/7/2012,706000,43498,27423,7509,6950,1616,19993,0,3196,15042,0,0,154142,,,,,,77035,57523,0,18215,74046
1/8/2012,944794,49197,32498,7816,7210,1673,21904,0,3687,17080,0,0,154142,,,,,,102834,79787,0,25720,92437
1/9/2012,934575,56791,35972,8125,10906,1788,22695,0,4671,17984,0,0,154142,,,,,,87934,73601,0,24546,91201
1/10/2012,1067214,52025,31816,8060,10380,1768,25482,0,5105,19717,0,0,154142,,,,,,102087,75793,0,25868,98422
1/11/2012,1462567,47450,29536,7300,8880,1734,31473,0,6787,25077,0,0,154142,,,,,,132197,97457,0,36238,140672
1/12/2012,684134,42240,24424,6732,9110,1975,17477,0,7498,10634,0,0,154142,,,,,,63192,51676,0,18618,59716
1/13/2012,573434,30721,18125,3937,7167,1491,17842,0,3490,11215,0,0,154142,,,,,,55115,39680,0,15695,55147
1/14/2012,580768,25358,13654,3231,7087,1385,17324,0,2682,12348,0,0,154142,,,,,,52197,46972,0,16019,60983
1/15/2012,759552,29418,16825,3292,7801,1500,18947,0,3318,15604,0,0,154142,,,,,,71619,57543,0,20481,77923
1/16/2012,1191878,32980,19947,3297,7695,2041,21815,0,4633,15680,0,0,154142,,,,,,97902,80325,0,31550,89173
1/17/2012,1171446,34430,19376,6228,6839,1987,20936,0,4475,13310,0,0,154142,,,,,,91645,66274,0,30452,82724
1/18/2012,2447974,30253,16622,5444,5866,2321,23963,0,5819,16185,0,0,154142,,,,,,135761,108146,0,66496,130675
1/19/2012,550869,21927,11869,4693,3966,1398,17389,0,7054,11358,0,0,154142,,,,,,48226,40359,0,15118,60404
1/20/2012,434661,15236,5648,4190,3984,1413,16231,0,2366,10453,0,0,154142,,,,,,39360,33406,0,9028,51978
1/21/2012,499358,28869,15390,4918,7180,1380,16995,0,2561,13452,0,0,154142,,,,,,52431,37366,0,12500,65430
1/22/2012,656281,34920,19723,5685,8077,1435,21280,0,3062,17032,0,0,154142,,,,,,68936,44089,0,17547,85309
1/23/2012,657580,37513,21705,5744,8602,1463,21620,0,3399,15109,0,0,154142,,,,,,62152,47418,0,15393,89337
1/24/2012,526750,40396,22511,6667,9203,2014,18900,0,3325,13557,0,0,154142,,,,,,46178,32479,0,14555,82943
1/25/2012,567737,34991,19266,5787,8653,1286,21152,0,3092,14252,0,0,154142,,,,,,48521,35020,0,12626,95387
1/26/2012,567639,33429,18471,5102,8699,1157,20634,0,4027,17803,0,0,154142,,,,,,47642,32605,0,13457,103410
1/27/2012,498033,30154,16657,4617,7675,1206,27640,0,4827,42366,0,0,154142,,,,,,42129,28176,0,11414,123585
1/28/2012,506986,28735,15984,4585,7079,1088,22537,0,4187,31170,0,0,154142,,,,,,43554,31792,0,12619,122133
1/29/2012,840548,34812,19873,5239,8237,1462,24392,0,4352,33988,0,0,154142,,,,,,69628,50826,0,17688,181909
1/30/2012,1131618,40160,23539,5865,8921,1834,30359,0,6389,47945,0,0,154142,,,,,,77888,55297,0,25136,272864
1/31/2012,1283415,38185,24491,5320,6571,1803,36606,0,7867,73888,0,0,154142,,,,,,87430,61451,0,28177,404012
2/1/2012,943039,34684,20971,5507,6782,1424,25404,0,7340,20060,0,0,135397,,,,,,82762,54648,0,24411,91344
2/2/2012,468693,30261,18480,5349,5157,1275,23013,0,3872,15890,0,0,135397,,,,,,45001,39343,0,11381,53640
2/3/2012,407381,22819,14513,4599,2642,1065,21345,0,2225,13329,0,0,135397,,,,,,44980,32818,0,10160,46844
2/4/2012,414660,22180,13485,4849,2658,1189,20519,0,2036,12338,0,0,135397,,,,,,49470,32051,0,11308,47599
2/5/2012,544105,22978,14306,4737,2779,1156,21455,0,1731,13624,0,0,135397,,,,,,62312,40636,0,13325,53394
2/6/2012,609513,27764,18327,5837,2187,1413,24365,0,2105,14947,0,0,135397,,,,,,63868,46659,0,14061,59202
2/7/2012,798467,28131,16899,6036,3754,1443,23027,0,1758,15356,0,0,135397,,,,,,76983,50307,0,19278,70830
2/8/2012,437208,28523,17963,5470,3827,1263,19152,0,2265,15214,0,0,135397,,,,,,46606,36516,0,10554,56491
2/9/2012,564054,21946,13505,4747,2444,1250,19144,0,2851,17213,0,0,135397,,,,,,55288,37456,0,13382,70602
2/10/2012,401471,19960,12126,4590,2236,1008,15074,0,2621,9511,0,0,135397,,,,,,44634,32087,0,9847,36457
2/11/2012,410180,20440,12679,4532,2250,980,14113,0,2158,9463,0,0,135397,,,,,,45995,29772,0,10347,39210
2/12/2012,531316,24012,15849,4689,2258,1216,15791,0,2314,11586,0,0,135397,,,,,,64032,42630,0,13196,47948
2/13/2012,547502,25843,17917,4689,2032,1205,15928,0,2568,10063,0,0,135397,,,,,,53212,40150,0,16842,45201
2/14/2012,397116,18454,11733,4201,1349,1171,13071,0,2620,8254,0,0,135397,,,,,,40946,25550,0,10282,34275
2/15/2012,543942,20123,8859,4948,4875,1441,15714,0,2167,9968,0,0,135397,,,,,,53457,31984,0,13256,42029
2/16/2012,843962,15260,5293,4949,3733,1285,16227,0,3385,12538,0,0,135397,,,,,,70053,44852,0,22529,57402
2/17/2012,454708,10956,4420,4324,1012,1200,14460,0,3513,10453,0,0,135397,,,,,,38269,29454,0,11584,38358
2/18/2012,373933,10542,4244,4328,1016,955,13492,0,1804,10054,0,0,135397,,,,,,39193,25702,0,9335,37680
2/19/2012,649405,11819,4808,4828,1004,1179,15999,0,2134,11977,0,0,135397,,,,,,55380,41652,0,16273,52186
2/20/2012,584911,12317,5275,4827,1066,1149,18599,0,3590,14452,0,0,135397,,,,,,59079,40271,0,18507,52334
2/21/2012,466463,13716,5747,5671,1045,1253,17424,0,2345,12234,0,0,135397,,,,,,45022,34342,0,11849,39998
2/22/2012,502337,15220,7430,5414,1032,1344,17981,0,2459,13595,0,0,135397,,,,,,43613,35216,0,13465,41996
2/23/2012,410344,15302,7527,5638,1013,1123,17150,0,2817,13776,0,0,135397,,,,,,40918,26622,0,9993,40272
2/24/2012,365082,15964,7867,5424,1593,1080,14849,0,2204,11358,0,0,135397,,,,,,37594,28382,0,8146,37397
2/25/2012,393193,16039,7266,5604,2096,1072,14201,0,1601,10929,0,0,135397,,,,,,40394,29724,0,13146,41417
2/26/2012,546660,17278,7821,5996,2100,1360,15921,0,1561,12938,0,0,135397,,,,,,62937,38212,0,15120,48462
2/27/2012,600943,20091,8748,6544,3264,1535,21013,0,1341,20602,0,0,135397,,,,,,58924,41031,0,13968,59826
2/28/2012,766583,17896,8032,6124,1855,1885,22541,0,2720,26714,0,0,135397,,,,,,65232,40896,0,17153,102692
2/29/2012,1453310,21861,11684,6006,2070,2101,29593,0,4270,21478,0,0,135397,,,,,,84266,81749,0,42112,109668
3/1/2012,455540,18368,8822,5966,1891,1690,18445,0,4080,11415,0,0,127439,,,,,,44542,29160,0,10702,53453
3/2/2012,371312,15693,6757,5799,1753,1385,18331,0,1962,9987,0,0,127439,,,,,,42293,26437,0,8941,43352
3/3/2012,392683,16033,6931,6045,1825,1232,16745,0,1614,10082,0,0,127439,,,,,,42739,25855,0,9143,46314
3/4/2012,517527,18895,8509,6779,2215,1392,18496,0,1616,12786,0,0,127439,,,,,,49692,44804,0,9657,53697
3/5/2012,584947,23321,13105,7054,1620,1543,20268,0,1803,11929,0,0,127439,,,,,,57141,43774,0,13517,60179
3/6/2012,620384,24901,15657,6004,1876,1363,20479,0,2376,11510,0,0,127439,,,,,,56300,37066,0,14055,60402
3/7/2012,928415,27043,17840,5934,1891,1378,22271,0,2833,11786,0,0,127439,,,,,,75225,50592,0,17499,71048
3/8/2012,392157,29686,21225,5347,1940,1174,21915,0,2943,10234,0,0,127439,,,,,,43091,28920,0,8677,41721
3/9/2012,338599,26037,18159,4758,1941,1179,21888,0,1724,9597,0,0,127439,,,,,,38926,24318,0,8869,41124
3/10/2012,341213,21747,13365,5364,1962,1055,22233,0,1748,9273,0,0,127439,,,,,,41804,26306,0,9461,41047
3/11/2012,531380,22246,13248,5634,2253,1111,23740,0,1862,12367,0,0,127439,,,,,,62440,40608,0,12976,55091
3/12/2012,588756,25129,15613,5965,2310,1242,22692,0,2344,12291,0,0,127439,,,,,,62655,39533,0,14419,59734
3/13/2012,499614,28918,20028,5399,2176,1315,18828,0,2229,11491,0,0,127439,,,,,,53337,35155,0,12259,54991
3/14/2012,387369,26214,18085,5296,1588,1245,17250,0,2221,10720,0,0,127439,,,,,,46283,28937,0,9618,45014
3/15/2012,374865,19827,12055,5078,1555,1138,16121,0,1622,11310,0,0,127439,,,,,,43565,28909,0,8508,46461
3/16/2012,348210,17112,9949,4327,1520,1316,15885,0,1734,11529,0,0,127439,,,,,,37550,26110,0,6929,42188
3/17/2012,328619,15306,8524,4434,1516,832,15760,0,1583,10815,0,0,127439,,,,,,41048,24361,0,7276,43820
3/18/2012,594573,20828,12709,5497,1519,1103,19917,0,1874,14899,0,0,127439,,,,,,65083,39370,0,13514,65048
3/19/2012,665206,27568,18020,5813,2467,1267,23913,0,2781,14328,0,0,127439,,,,,,65693,43773,0,16905,74704
3/20/2012,535992,28779,18150,6847,2481,1300,22721,0,2752,14100,0,0,127439,,,,,,49495,36304,0,13794,59323
3/21/2012,488820,28599,17259,7451,2818,1070,24106,0,2411,15166,0,0,127439,,,,,,50580,32062,0,12582,63793
3/22/2012,504903,30104,17771,8061,3104,1168,33034,0,2146,20812,0,0,127439,,,,,,48611,31075,0,12068,79861
3/23/2012,421114,27098,14982,8041,3085,989,33773,0,2479,11472,0,0,127439,,,,,,40236,26864,0,12446,46352
3/24/2012,510828,27641,14900,8347,3200,1194,26535,0,2183,12605,0,0,127439,,,,,,50685,30440,0,14641,53500
3/25/2012,821208,35136,21088,8615,3814,1618,35745,0,2818,16623,0,0,127439,,,,,,72223,47184,0,21427,71975
3/26/2012,1847711,42300,23435,12471,4289,2105,48433,0,4247,25953,0,0,127439,,,,,,110155,85844,0,44091,123118
3/27/2012,720466,43775,26456,11125,4733,1461,56784,0,4755,33188,0,0,127439,,,,,,62864,45807,0,18278,109291
3/28/2012,883815,45372,28832,10177,5031,1331,68546,0,3803,45165,0,0,127439,,,,,,63211,48288,0,21329,116251
3/29/2012,572548,44324,27598,10898,4570,1258,57460,0,2604,17299,0,0,127439,,,,,,49317,38368,0,14647,71136
3/30/2012,440655,33226,20675,8200,3375,976,32897,0,2239,13757,0,0,127439,,,,,,44088,29283,0,11075,49143
3/31/2012,470667,30572,17421,8946,3249,955,26257,0,1481,23011,0,0,127439,,,,,,45527,31703,0,10181,72376
4/1/2012,660616,42716,27172,10445,3889,1209,21978,0,2570,20135,0,0,138095,72313,41552,858,23116,79841,66121,41053,0,15350,78663
4/2/2012,680637,45364,28913,11644,3482,1326,19977,0,3720,10405,0,0,138095,71209,40609,691,25141,53981,68746,42140,0,15956,50858
4/3/2012,490958,39811,24624,10337,3609,1241,19293,0,3390,9758,0,0,138095,53301,25374,896,17265,48389,57785,26905,0,12453,42480
4/4/2012,442881,34278,20908,8956,3006,1408,20104,0,2045,10453,0,0,138095,55123,34588,466,16273,48285,51040,29056,0,11650,41882
4/5/2012,388632,26648,15945,7053,2580,1069,15394,0,2213,8797,0,0,138095,51615,30278,303,15854,43665,43257,22672,0,11881,43773
4/6/2012,384633,19157,12359,1593,4192,1013,15190,0,1754,8816,0,0,138095,48031,31291,552,14474,43941,44905,25244,0,9836,45629
4/7/2012,330706,17871,11397,1544,4037,894,14739,0,1475,7940,0,0,138095,40949,25553,480,12786,39931,35342,21697,0,8558,38793
4/8/2012,452542,19435,12777,1499,4110,1050,15950,0,1935,8406,0,0,138095,57954,30819,235,17053,44756,51870,27356,0,11159,45267
4/9/2012,720795,36031,23898,5027,5532,1575,19280,0,3498,11795,0,0,138095,77759,41276,1222,31910,62350,73382,41974,0,21423,62324
4/10/2012,780032,40845,28190,5390,5682,1583,19416,0,3951,14480,0,0,138095,82229,44625,1205,30823,77616,76507,44227,0,21954,73243
4/11/2012,985299,38462,23260,8251,5571,1380,20293,0,4136,13814,0,0,138095,93708,48560,1277,36223,78940,85427,45318,0,26998,79463
4/12/2012,512741,26379,17580,2105,5429,1266,19510,0,3616,11234,0,0,138095,63385,32730,1017,20276,56247,59387,31821,0,13509,54979
4/13/2012,436259,20576,13638,288,5404,1247,18470,0,2663,9872,0,0,138095,55559,30597,1488,19380,50837,54962,26362,0,11205,49877
4/14/2012,423444,19219,12378,267,5295,1279,18146,0,2184,10748,0,0,138095,54252,31070,476,16316,51363,47883,25437,0,10128,50550
4/15/2012,710123,28666,21232,407,5467,1561,20873,0,3727,14613,0,0,138095,87614,43114,788,28124,67944,80607,43804,0,23554,63824
4/16/2012,776574,35278,24189,3658,5658,1774,20984,0,4278,13128,0,0,138095,81470,43545,1848,32381,69920,79932,46483,0,22651,69358
4/17/2012,1054351,27106,15322,2704,4773,4307,19299,0,3052,13633,0,0,138095,84627,40716,994,40228,86295,90278,48824,0,30109,89211
4/18/2012,825906,20059,14445,859,2748,2006,19486,0,3705,13233,0,0,138095,79912,44774,1390,31586,70505,74534,42596,0,22290,67327
4/19/2012,599124,17337,12770,808,2075,1684,18723,0,4134,12690,0,0,138095,67851,34507,1407,22124,57493,63883,35396,0,16230,60656
4/20/2012,473752,14669,9599,1183,2612,1276,17451,0,2992,10796,0,0,138095,57102,34153,1334,19012,50861,51143,32970,0,12754,51895
4/21/2012,475918,14753,9231,1476,2869,1177,15771,0,2906,11310,0,0,138095,59471,28913,1169,20058,51255,53962,29435,0,12892,50010
4/22/2012,715244,25997,19485,1777,3235,1500,21229,0,3716,15308,0,0,138095,97443,46198,1705,31766,72757,85975,46300,0,20473,71343
4/23/2012,749620,35778,25566,4481,3991,1739,22511,0,4895,14328,0,0,138095,90132,43130,1815,33162,69024,83819,46341,0,20282,70691
4/24/2012,773564,36289,23741,5642,5238,1667,21480,0,3963,15546,0,0,138095,92344,47620,1499,31414,80283,84573,44427,0,21691,81605
4/25/2012,1211421,37198,23311,7258,4896,1733,24914,0,5112,21772,0,0,138095,104143,52062,2273,56113,113801,97677,60893,0,34196,113829
4/26/2012,651823,37103,25024,4225,6359,1494,21569,0,4898,18136,0,0,138095,78196,39638,1828,26879,75313,70967,39020,0,20196,73599
4/27/2012,540285,39547,28168,3502,5781,2096,19298,0,1372,14185,0,0,138095,71797,36627,1707,24052,62713,59327,33600,0,15853,64470
4/28/2012,557936,38347,27352,3923,5723,1349,18764,0,2580,15280,0,0,138095,76633,35905,938,23359,65721,68400,33362,0,14943,65081
4/29/2012,838533,48232,34663,4824,7058,1687,24281,0,3250,21630,0,0,138095,116385,64626,1771,36874,98241,101816,54835,0,24237,95834
4/30/2012,1049867,59646,43107,6719,7916,1904,29987,0,4741,26209,0,0,138095,129013,71002,4161,44530,114543,115787,68160,0,27518,114402
5/1/2012,1250219,64374,42554,9399,10536,1884,31879,0,5000,26742,0,0,135054,153382,91698,3649,49342,120761,127487,76121,0,33127,117493
5/2/2012,1690070,62196,37787,10923,11692,1794,32921,0,6150,25895,0,0,135054,190977,103823,3069,72292,149282,157799,86576,0,49006,152168
5/3/2012,948791,58050,34003,11184,11251,1612,27840,0,6360,23895,0,0,135054,112477,74270,2701,38648,113214,100542,59872,0,26665,114453
5/4/2012,647505,47841,27536,9011,9901,1393,22880,0,4218,23762,0,0,135054,81706,50844,966,26072,90128,75895,45323,0,18762,90297
5/5/2012,624287,44909,26200,8439,8858,1412,20391,0,3729,16498,0,0,135054,81275,44760,1228,25932,80029,73177,44013,0,18513,80701
5/6/2012,1137290,57672,35193,9853,10831,1795,25352,0,4207,23153,0,0,135054,135532,90817,1222,43245,129076,129156,83947,0,29719,127833
5/7/2012,1141513,69389,43053,11695,12282,2358,32001,0,3808,23514,0,0,135054,142125,95843,3337,47040,114650,130367,89391,0,33366,112933
5/8/2012,1160815,60139,34506,11758,11501,2374,30747,0,1490,22667,0,0,135054,138190,101742,2751,50371,118203,128497,91568,0,33606,114938
5/9/2012,718251,53272,27905,11733,11591,2042,26732,0,1347,18440,0,0,135054,101582,65612,1591,33619,81064,86505,58713,0,23407,84441
5/10/2012,706835,45823,22452,10981,10690,1701,25122,0,2725,20468,0,0,135054,84456,52050,1511,29160,79987,83206,45443,0,20831,87823
5/11/2012,539577,32776,15432,7126,8679,1540,21829,0,3841,23267,0,0,135054,70098,37932,1567,19245,82512,62008,36998,0,13649,87754
5/12/2012,473568,26527,12014,5575,7457,1481,20891,0,2305,24495,0,0,135054,59604,26876,1066,22268,87760,52358,29941,0,14912,98402
5/13/2012,653656,32680,16191,6571,8289,1629,25701,0,1843,36129,0,0,135054,84851,44737,1064,26077,137235,75362,41456,0,15738,174503
5/14/2012,971454,48042,26884,8022,11122,2014,33151,0,4357,45753,0,0,135054,104680,38355,2551,35586,193648,94464,29648,0,24732,253325
5/15/2012,781046,43065,24778,6657,9860,1770,26210,0,4881,27722,0,0,135054,97736,52629,2389,33385,123206,81695,28535,0,22003,127572
5/16/2012,751802,36240,18990,6072,9506,1672,23495,0,4812,22048,0,0,135054,94660,57220,1906,30229,87164,78873,34948,0,19351,84118
5/17/2012,575789,30908,15720,5177,8349,1662,21653,0,4340,19202,0,0,135054,66491,41791,1424,26802,69178,61187,27072,0,16181,65546
5/18/2012,502155,25998,12499,5363,6730,1406,20731,0,3242,20306,0,0,135054,62957,34800,559,17661,61738,54740,27030,0,14566,62579
5/19/2012,426876,22833,10402,4725,6627,1079,16938,0,2414,15061,0,0,135054,51071,29586,1077,19009,52145,45998,23820,0,12269,52877
5/20/2012,595858,30511,14256,6481,8209,1565,22832,0,3122,21487,0,0,135054,75470,43043,1202,25862,80454,68309,34978,0,17737,78388
5/21/2012,857407,38948,18809,7899,10206,2034,28244,0,4490,25866,0,0,135054,96706,48315,2238,35222,106279,87809,41189,0,22944,109360
5/22/2012,879572,36846,17512,7385,9409,2540,25862,0,4375,20516,0,0,135054,100287,54488,2550,31526,88935,91343,43910,0,23953,84036
5/23/2012,1040361,34921,16261,7729,8214,2717,26317,0,3387,18850,0,0,135054,104693,53699,2532,37328,95043,94157,44332,0,27444,92995
5/24/2012,611342,30274,13729,6958,7904,1683,24303,0,1966,17460,0,0,135054,76220,45012,1937,24121,67704,63167,34801,0,15300,66506
5/25/2012,497026,23070,10234,6338,5131,1367,24468,0,3319,16251,0,0,135054,61013,40813,1127,20173,63871,53943,30462,0,13526,59454
5/26/2012,417368,20209,8488,6159,4468,1094,20208,0,2755,13833,0,0,135054,50800,29648,1085,15301,53959,43172,26584,0,9631,51448
5/27/2012,554549,20128,7737,6342,4756,1293,23228,0,2266,17003,0,0,135054,55416,30417,1207,16593,69278,55693,30819,0,13952,66087
5/28/2012,732813,24974,9532,8267,5358,1816,30000,0,3381,27884,0,0,135054,80404,46820,1422,23146,99849,72506,43186,0,18857,96899
5/29/2012,826925,29060,11509,9098,6593,1859,34663,0,3254,33082,0,0,135054,97711,45065,2306,25398,120270,83609,42724,0,17992,121177
5/30/2012,1046157,29493,11425,9386,6764,1918,26429,0,3152,17964,0,0,135054,114562,57804,3014,38988,89822,94261,52947,0,26450,87147
5/31/2012,718403,25295,10324,6472,6921,1578,28205,0,2041,18783,0,0,135054,93249,50002,2467,23204,79846,75956,44079,0,17808,70574
6/1/2012,590751,22244,8761,5770,6325,1388,23880,0,480,16774,0,0,135320,75291,46279,1599,22518,64432,66900,38989,0,15427,62709
6/2/2012,532907,20564,7727,5841,5600,1395,21948,0,13,14023,0,0,135320,68541,44376,1140,20134,58998,59578,36510,0,13164,54252
6/3/2012,712795,26113,10903,7325,6037,1849,24879,0,2414,18383,0,0,135320,92046,57332,1199,30526,79543,78690,44514,0,18895,73067
6/4/2012,943978,33213,14289,8387,7797,2739,30334,0,4482,21496,0,0,135320,116626,73887,1462,36544,93168,103433,58307,0,24930,88520
6/5/2012,1076532,29088,12353,7149,6879,2708,32382,0,5053,25104,0,0,135320,127946,85190,2182,44495,107095,113169,62099,0,32867,101190
6/6/2012,1566566,26569,12592,6593,4675,2710,35302,0,7245,27123,0,0,135320,176820,100318,3563,60065,140131,140002,78017,0,41229,131859
6/7/2012,890988,24111,10193,7509,4471,1938,30236,0,7950,24343,0,0,135320,102560,70077,1956,38268,100974,92680,55998,0,25223,98423
6/8/2012,616765,20801,7891,7612,3758,1541,26622,0,4882,20059,0,0,135320,61118,51020,977,22976,72315,59257,42668,0,15765,67710
6/9/2012,561364,18527,6870,6767,3019,1871,24286,0,4624,18945,0,0,135320,62162,41812,1328,24984,71748,60431,38877,0,16961,66137
6/10/2012,900807,24015,9172,8575,4278,1989,31047,0,5064,24476,0,0,135320,102457,65850,1038,41016,100556,95526,60903,0,28717,95284
6/11/2012,1030200,33945,15137,10225,6280,2302,36821,0,5643,27903,0,0,135320,110309,85932,1662,36333,111921,103471,76676,0,26500,103215
6/12/2012,1055807,34301,15459,10379,6179,2285,36786,0,4398,30159,0,0,135320,107466,82898,1853,36162,117435,105956,69447,0,27455,108019
6/13/2012,722784,31257,14232,8996,6089,1939,35005,0,5302,30017,0,0,135320,90053,65674,1530,33840,103715,74767,48509,0,22592,90806
6/14/2012,574579,27993,13597,7416,5082,1898,32112,0,6047,25933,0,0,135320,73504,48229,1096,22688,85280,64419,38434,0,12943,81959
6/15/2012,494692,20923,11065,4705,3665,1489,29652,0,3590,24505,0,0,135320,60834,42622,1222,22071,72123,51376,29571,0,12638,68554
6/16/2012,404485,17950,9025,4821,2857,1248,23413,0,2470,19468,0,0,135320,47193,33770,1064,15180,67614,39845,26482,0,10586,65518
6/17/2012,747986,19389,9089,5598,3097,1605,29233,0,2769,25047,0,0,135320,65088,46057,1079,23998,97475,62547,41505,0,19057,101256
6/18/2012,689669,22380,11540,5271,3517,2052,37401,0,4212,36348,0,0,135320,74206,45505,2432,25206,119865,66793,39328,0,19787,125831
6/19/2012,743140,21949,11769,4534,3661,1985,43556,0,1176,46201,0,0,135320,72259,55728,3630,28419,156977,62850,43320,0,18953,171154
6/20/2012,756428,19725,10808,4468,2694,1754,33643,0,3,24305,0,0,135320,78255,56234,2093,29897,100356,70151,43790,0,18467,93842
6/21/2012,509416,14867,10083,2841,0,1943,29673,0,1600,20763,0,0,135320,54301,36590,633,19347,78606,49646,33137,0,14687,71392
6/22/2012,493100,13148,8638,2772,0,1737,27750,0,2648,20382,0,0,135320,45828,30965,940,19120,75972,43211,29073,0,13186,69309
6/23/2012,445479,12770,7642,3732,0,1395,26313,0,1775,24400,0,0,135320,40994,27470,1728,16028,84030,39867,28224,0,12593,71163
6/24/2012,608277,15087,8697,4503,0,1886,31931,0,1363,34900,0,0,135320,56089,37595,2410,23073,120595,51636,35202,0,15147,108034
6/25/2012,884800,17737,10231,5073,0,2433,41267,0,1929,55235,0,0,135320,68635,42910,3702,30934,184792,66848,46892,0,23165,173001
6/26/2012,929122,16411,9758,4568,0,2085,42750,0,487,59177,0,0,135320,80411,48513,4436,38998,180349,72250,46372,0,26268,178085
6/27/2012,1021789,14800,8628,4284,0,1888,41456,0,364,47876,0,0,135320,76857,48546,2818,34271,131893,71037,48952,0,26170,114727
6/28/2012,596104,14040,8322,3941,0,1777,34108,0,189,35910,0,0,135320,57986,39263,1826,23800,100274,51327,34393,0,15273,88340
6/29/2012,472718,11978,7002,3417,0,1560,25370,0,21,17193,0,0,135320,47340,37184,2116,18090,59540,41995,33264,0,12250,48591
6/30/2012,419514,11646,6699,3658,0,1290,22110,0,69,15223,0,0,135320,46820,31707,2211,16709,56270,38855,30918,0,11583,43802
7/1/2012,499888,14488,9196,3865,0,1427,14847,0,1266,10834,0,0,260432,59676,41911,1617,21226,63476,52209,36424,0,15842,49335
7/2/2012,620724,24386,12071,4055,6593,1668,19773,0,1918,12043,0,0,260432,66013,46200,1051,22786,71189,59706,43278,0,15267,56977
7/3/2012,593821,20820,10674,4189,4268,1689,25105,0,505,19659,0,0,260432,60519,43672,1106,25810,85768,50590,39691,0,18422,66147
7/4/2012,568756,14992,6963,4349,2227,1453,25138,0,2082,23604,0,0,260432,52948,37552,949,22851,89549,43870,35785,0,14909,69275
7/5/2012,1471049,21601,11903,5343,2344,2011,44775,0,7790,29816,0,0,260432,94372,60792,3097,56436,128896,91006,86438,0,47471,105140
7/6/2012,571458,19938,10381,5225,2753,1579,16712,0,2173,11707,0,0,260432,59740,48153,620,24345,73661,56609,37987,0,16427,60149
7/7/2012,526584,18632,9265,5079,2794,1493,16803,0,978,14080,0,0,260432,58498,40839,1057,19814,78241,52623,35985,0,15214,60159
7/8/2012,670448,21870,11302,6068,2785,1715,18750,0,717,15328,0,0,260432,75862,54498,778,24116,102725,65103,45768,0,19120,79372
7/9/2012,748075,26210,14740,6481,2924,2064,20969,0,1,14891,0,0,260432,77926,59402,1409,28493,90251,73293,50600,0,20189,73877
7/10/2012,813724,23962,13693,5498,2680,2091,20618,0,1,13615,0,0,260432,86212,57849,1247,28870,90687,76060,48202,0,21599,74649
7/11/2012,924481,21305,11453,5208,2648,1996,21114,0,809,13789,0,0,260432,94067,62420,1848,34429,95937,83004,53267,0,23403,77090
7/12/2012,581126,20854,9858,4493,4896,1607,20049,0,1108,14415,0,0,260432,59812,46837,1140,22277,88143,54272,36969,0,15921,66075
7/13/2012,510827,19056,7929,3491,5708,1927,20152,0,206,14936,0,0,260432,58140,39540,872,19075,88447,49804,32615,0,13030,68805
7/14/2012,537949,16890,6839,3458,4404,2189,17703,0,21,12020,0,0,260432,59525,40738,1080,20154,74660,52236,35600,0,15348,61515
7/15/2012,724932,20328,9020,4197,5296,1815,25336,0,2278,15759,0,0,260432,80150,54684,1128,31972,99651,69488,50165,0,20596,84806
7/16/2012,749056,22828,12336,5050,3564,1879,20461,0,3785,15205,0,0,260432,77283,25708,2295,28201,100625,72455,41764,0,19190,85453
7/17/2012,688206,21530,12537,4650,2484,1859,19478,0,3245,15009,0,0,260432,68824,7721,1470,27367,101787,61642,34597,0,19158,84365
7/18/2012,1009303,20118,12223,4145,1825,1925,19277,0,2609,14292,0,0,260432,83242,48411,1258,34655,112313,81367,52936,0,27156,106272
7/19/2012,653948,20709,11969,4133,2690,1917,17565,0,1485,14315,0,0,260432,66924,34298,1571,25776,91052,61647,33600,0,18815,79138
7/20/2012,560082,18525,9907,4061,2774,1784,16389,0,183,13268,0,0,260432,57470,35281,1068,20279,83764,53675,28141,0,16330,68893
7/21/2012,505181,16899,8402,4110,2679,1708,13850,0,26,12227,0,0,260432,51393,36070,932,21072,75990,47594,27941,0,14369,63140
7/22/2012,684429,20854,10953,4910,2898,2093,17827,0,1978,15591,0,0,260432,73897,49566,1718,25609,99111,65813,40427,0,17890,79610
7/23/2012,912311,26205,14779,5353,3368,2705,21780,0,3255,17415,0,0,260432,77659,54893,1901,33697,120106,76583,50973,0,25405,101753
7/24/2012,1056184,25713,13521,5742,3772,2678,22702,0,3255,20235,0,0,260432,99756,62973,2863,33419,137667,92029,54175,0,26637,122606
7/25/2012,1453785,23938,12334,5370,3556,2678,20666,0,2162,15585,0,0,260432,107936,65771,3391,47899,119039,108520,67561,0,36199,103682
7/26/2012,620026,21791,10709,5108,3647,2327,19445,0,1378,20023,0,0,260432,55362,44529,965,22222,103302,56406,38991,0,16155,86358
7/27/2012,502762,17380,7941,4203,3114,2122,16968,0,231,17180,0,0,260432,52647,37350,1097,22528,87133,42167,29352,0,14406,74127
7/28/2012,575138,16501,7050,4559,2881,2011,15896,0,99,16424,0,0,260432,52050,31919,1274,21621,91731,45550,28736,0,16211,78210
7/29/2012,805158,20007,8909,5446,3307,2345,21497,0,1645,22563,0,0,260432,75453,49744,578,27787,125532,66675,47543,0,19762,110759
7/30/2012,882968,25342,12169,6540,3926,2707,24631,0,3218,25826,0,0,260432,75362,48415,1145,27247,140323,74120,47832,0,21054,122775
7/31/2012,955770,23961,12054,5810,3639,2457,30418,0,2720,36352,0,0,260432,76650,54911,1174,32278,189870,68433,51456,0,19546,165406
8/1/2012,815869,24911,13191,5658,3746,2317,22097,0,2814,27169,0,0,235100,71333,50088,2109,29141,146173,64939,43757,0,19483,136194
8/2/2012,583851,22703,12175,4812,3525,2191,18333,0,2989,17012,0,0,235100,54227,43353,1331,21830,100185,51679,39271,0,14463,85916
8/3/2012,522629,19740,10161,4428,3274,1877,16695,0,2655,17533,0,0,235100,46909,35730,1123,19841,97469,45094,33261,0,12163,79092
8/4/2012,484503,17861,8583,4477,3217,1583,13717,0,4257,16458,0,0,235100,47753,33948,1143,16514,94091,40653,33405,0,12263,76544
8/5/2012,940549,22602,10419,6004,3740,2438,19229,0,2650,23772,0,0,235100,71266,46791,1586,30927,130629,69012,56100,0,24108,115354
8/6/2012,958906,27460,14550,6186,4064,2660,19319,0,4504,22759,0,0,235100,74926,47634,1714,33333,135934,73818,53609,0,23206,125063
8/7/2012,722408,24563,13049,5649,3571,2294,16964,0,3820,18764,0,0,235100,70997,44087,2636,27665,113500,64902,45657,0,20326,100663
8/8/2012,888645,22935,11500,5373,3899,2164,15239,0,3702,18036,0,0,235100,75915,45209,1716,34602,115415,70514,50396,0,24636,105878
8/9/2012,637054,24300,12781,5226,3951,2341,21256,0,3306,25244,0,0,235100,57771,40688,1308,22035,130568,54519,42785,0,16981,114719
8/10/2012,611552,22460,11633,4661,3674,2492,17415,0,2693,25216,0,0,235100,52909,36500,1375,21145,130032,49542,38440,0,16231,118682
8/11/2012,539854,19762,9736,4875,3325,1826,13976,0,2766,22054,0,0,235100,51461,29856,393,20247,114208,46805,33759,0,15695,99637
8/12/2012,699517,25976,14728,5465,3715,2067,17209,0,1499,27314,0,0,235100,63794,41535,1126,25899,147423,61649,47986,0,17774,127493
8/13/2012,900160,30912,18911,5097,4332,2573,18194,0,863,28758,0,0,235100,66047,38111,2094,29769,158416,67518,54105,0,22583,156419
8/14/2012,881312,30602,18628,5376,4258,2340,18508,0,2586,32452,0,0,235100,72735,42067,3130,28404,185214,68423,56789,0,23639,182651
8/15/2012,731173,27181,15487,5099,4320,2275,18164,0,3696,29911,0,0,235100,67008,35457,3708,27841,143551,60532,46201,0,19111,132596
8/16/2012,689594,24402,13658,4712,3982,2050,15282,0,3543,22916,0,0,235100,60371,33993,1547,24990,117792,60369,38665,0,16325,106469
8/17/2012,555038,22251,11970,4846,3562,1874,12308,0,2771,19928,0,0,235100,48695,26876,2634,19492,105217,47954,33889,0,13559,91724
8/18/2012,538985,21052,10584,5114,3704,1650,10151,0,2933,18176,0,0,235100,55202,26157,1884,21984,97823,49535,30752,0,14974,88118
8/19/2012,762901,25201,13376,5912,3850,2063,13309,0,3604,24729,0,0,235100,79950,38087,2856,29362,134695,69532,44387,0,19882,113924
8/20/2012,837879,31975,18218,6607,4308,2843,14065,0,3862,24265,0,0,235100,82600,37857,2582,30415,135650,72492,50265,0,24188,119439
8/21/2012,954767,32030,18202,6222,4386,3220,13241,0,3857,24455,0,0,235100,84804,36821,3387,29227,138065,77598,52628,0,24580,123723
8/22/2012,1089975,30697,17394,5694,4163,3446,13175,0,3792,24774,0,0,235100,111827,38474,4489,35407,154940,95367,48979,0,28844,137297
8/23/2012,631505,29039,16377,5495,3903,3263,11469,0,3347,21976,0,0,235100,64745,29666,1958,20682,111805,55880,35071,0,15730,98119
8/24/2012,600275,25568,14158,4622,3879,2909,12977,0,2604,23862,0,0,235100,59191,20546,1407,17487,116689,51105,31286,0,14746,104861
8/25/2012,551299,26100,15357,4435,3620,2688,12883,0,2191,23476,0,0,235100,57996,15231,2969,17892,119922,49678,28128,0,13820,101609
8/26/2012,759606,30928,18405,5317,3966,3240,14982,0,2778,30846,0,0,235100,84600,25503,2716,25103,152689,71029,38325,0,19210,130484
8/27/2012,885578,36941,22882,5764,4653,3643,12587,0,3697,34595,0,0,235100,84353,21728,2756,28343,161602,75507,38750,0,19212,147569
8/28/2012,1067541,34953,21985,5208,4488,3272,13248,0,3408,41652,0,0,235100,82109,21002,2549,29452,190085,74920,37974,0,24026,188971
8/29/2012,942362,30841,18830,4408,4544,3060,12703,0,3559,30107,0,0,235100,76288,19823,2459,29947,155687,67709,34603,0,22289,152139
8/30/2012,715243,26081,14454,4746,3899,2982,10898,0,3088,29475,0,0,235100,70459,14657,3634,21668,136169,58383,25934,0,15190,129932
8/31/2012,679215,21872,11328,4344,3520,2680,9870,0,1613,30073,0,0,235100,81484,16256,3028,26271,132932,54239,26887,0,17209,120798
9/1/2012,573860,20842,10061,4310,3694,2777,8011,0,1756,21371,0,0,461529,70797,20295,2354,23064,101641,50753,22814,0,14475,90693
9/2/2012,685463,23683,11424,5328,3842,3090,8115,0,2330,22558,0,0,461529,90665,22710,2988,24886,113546,66602,27010,0,17599,101239
9/3/2012,1320036,28488,14205,6022,4653,3608,10413,0,4235,33470,0,0,461529,154083,38114,4947,49266,183923,125924,48676,0,32503,168932
9/4/2012,2089594,32271,16817,6027,4872,4556,13611,0,6060,36111,0,0,461529,168937,45925,11213,86966,188528,130256,74509,0,62624,195467
9/5/2012,1532842,30191,15823,5742,4717,3909,9416,0,10264,29469,0,0,461529,156835,34758,12016,60403,192584,122605,51671,0,42317,176756
9/6/2012,776149,28446,16733,5358,2593,3763,7841,0,4982,25076,0,0,461529,73779,13338,4765,28253,107864,65037,30104,0,21226,98178
9/7/2012,649436,25572,15387,4627,2126,3432,6790,0,3872,24567,0,0,461529,63125,10442,2855,23585,100389,53003,22907,0,18114,89721
9/8/2012,699173,25785,15432,5234,1786,3333,6650,0,2858,24679,0,0,461529,68103,10943,2812,24179,109068,57497,24208,0,19660,92448
9/9/2012,1009197,29861,18006,6163,1845,3847,6947,0,2823,32541,0,0,461529,98971,12986,3721,32237,152542,81699,30673,0,23657,135042
9/10/2012,1072943,32270,21048,5354,1492,4376,6254,0,3592,29833,0,0,461529,92848,9463,3618,35331,143911,81354,29980,0,27030,131704
9/11/2012,1160445,28270,18030,5205,1081,3954,6131,0,3549,29239,0,0,461529,92259,9273,4395,34450,141760,78200,35196,0,29260,125042
9/12/2012,1480792,26184,15199,5689,1011,4285,6871,0,4932,32200,0,0,461529,108597,7447,4376,47540,162604,90355,29875,0,39094,162018
9/13/2012,1362321,23665,13060,5490,1138,3978,6171,0,5457,32049,0,0,461529,97455,9486,3919,39738,155120,80381,29450,0,30385,160983
9/14/2012,596161,21234,11948,4945,1218,3123,5358,0,3189,19597,0,0,461529,59936,8371,2046,19293,103181,51484,13464,0,13340,110116
9/15/2012,542961,20525,11144,5475,1077,2829,4788,0,1649,20045,0,0,461529,61090,12296,2254,18633,100887,46082,13491,0,13576,97489
9/16/2012,747294,25813,13970,6912,1378,3553,5962,0,1993,25014,0,0,461529,90076,18004,1990,24243,133029,70716,19309,0,16868,130998
9/17/2012,805350,29327,16960,6708,1795,3865,7270,0,1898,24908,0,0,461529,89369,20892,2238,26205,129585,71776,19351,0,17251,133745
9/18/2012,1108258,28055,16403,6122,1914,3616,8227,0,2396,25955,0,0,461529,100792,25372,3723,35990,148326,85702,26380,0,24408,154231
9/19/2012,685646,25840,13439,4840,2280,5280,6535,0,2498,20381,0,0,461529,66849,17636,1777,19318,111124,61427,15965,0,14905,110907
9/20/2012,582518,23805,10803,4211,2130,6661,6954,0,1483,20935,0,0,461529,59259,15197,1798,18457,107339,50154,15742,0,13319,104098
9/21/2012,794595,32707,9572,3817,2055,17263,8783,0,2768,34908,0,0,461529,61778,11119,2254,24452,128484,58107,18263,0,18460,122891
9/22/2012,672623,17643,8919,4124,1961,2640,6783,0,2210,29239,0,0,461529,68019,10800,1481,19257,130794,54303,14540,0,14601,130268
9/23/2012,859306,21904,11524,5177,1982,3220,7717,0,2091,42519,0,0,461529,94642,21134,2286,23474,196968,78370,22653,0,17082,189275
9/24/2012,1027151,25680,13771,5713,2664,3531,7402,0,2390,51148,0,0,461529,95496,20346,3494,32164,239591,75275,24555,0,20958,243621
9/25/2012,1158288,25708,13693,6268,2438,3309,7854,0,2596,69112,0,0,461529,103407,17920,3887,36944,283159,84382,25459,0,23585,292962
9/26/2012,933943,24671,13270,5934,2422,3045,10501,0,2972,82682,0,0,461529,82921,16706,3665,27812,297040,64910,21664,0,18438,316408
9/27/2012,737230,22364,12136,5081,2356,2791,8876,0,836,53297,0,0,461529,77468,13142,2684,29338,218663,57189,18254,0,16425,226310
9/28/2012,528276,18536,9972,4191,2032,2341,5075,0,1485,11892,0,0,461529,62387,12014,2133,20564,77216,52112,14064,0,13779,70092
9/29/2012,626421,19006,9896,4953,1950,2207,7657,0,1933,12082,0,0,461529,65280,12010,3112,20557,88029,55955,16396,0,14284,77858
9/30/2012,956457,23110,12887,5203,2188,2833,7148,0,1876,17029,0,0,461529,109686,19921,4633,34462,126527,87649,23768,0,19534,112626
10/1/2012,757706,11397,6442,1863,1307,1786,22132,4024,3699,15807,0,0,114988,61356,26719,4437,36421,95325,68468,21448,1265,21959,81966
10/2/2012,674454,27228,15403,6106,2659,3059,21869,4411,2663,17966,0,0,114988,72426,31183,4862,21691,83338,67040,22428,2575,18547,66235
10/3/2012,585662,24854,13865,5637,2618,2734,22524,4411,2388,14771,0,0,114988,70004,32312,4905,23545,69468,59886,19134,1610,15176,62141
10/4/2012,542133,22051,12374,4518,2542,2618,21501,2187,1885,13232,0,0,114988,73279,33800,2168,18301,70280,61917,18849,975,13206,57079
10/5/2012,586509,18591,10094,3724,2366,2407,21736,2187,1979,14997,0,0,114988,62787,33937,1567,18054,70774,57452,20581,805,12031,57937
10/6/2012,611112,17443,9008,3846,2237,2352,20474,0,1369,13859,0,0,114988,74025,30799,1925,20921,71620,64639,19794,453,14186,57738
10/7/2012,1037773,21355,11589,3970,2696,3099,22917,0,681,19709,0,0,114988,116082,51479,1548,32284,115965,102965,35482,442,21790,88294
10/8/2012,845329,25874,15036,4201,2989,3647,23199,1857,6,18141,0,0,114988,94839,52307,1522,25622,100541,84320,31366,242,18319,79292
10/9/2012,1001955,24793,14497,3703,2645,3948,28319,1857,1944,28170,0,0,114988,91300,49653,11844,30734,101396,84539,34941,1100,21738,80916
10/10/2012,1085518,26817,16417,3808,3349,3243,29262,3392,6528,29199,0,0,114988,106260,48266,17029,41501,108841,90438,36876,3351,28065,92881
10/11/2012,1089462,26469,16729,3174,3813,2752,24765,3392,5474,17703,0,0,114988,103545,55768,10268,36855,96939,89857,34298,1716,24536,82764
10/12/2012,610696,29561,20113,2848,3854,2746,22795,1990,3162,12320,0,0,114988,69451,37710,8562,21688,67469,60016,26386,1891,15695,54894
10/13/2012,569682,27363,17962,2977,3893,2531,22318,1990,2132,11984,0,0,114988,73715,37070,9137,20410,65604,62127,25623,2480,14715,54352
10/14/2012,911743,32729,22054,3337,4076,3262,25469,2265,2694,18272,0,0,114988,111477,55981,5283,30262,102942,93791,38604,2318,22501,78181
10/15/2012,818583,37703,26549,3211,4782,3162,25416,2265,776,16915,0,0,114988,100817,48532,4810,25752,92862,81858,33293,2467,17616,71932
10/16/2012,837344,25799,15320,3102,4447,2930,24781,2368,1313,14618,0,0,114988,99815,48965,5665,25724,86856,90402,31242,2300,17953,69567
10/17/2012,861105,22427,13109,2857,4025,2436,24948,2368,2021,14450,0,0,114988,95598,53350,7162,25062,92731,80601,30467,2657,17522,71968
10/18/2012,1394611,22826,12835,3028,4439,2523,28790,2189,2451,18710,0,0,114988,134567,59162,13454,41411,131761,106547,40581,5192,26762,99012
10/19/2012,599304,24013,15425,2498,3945,2145,29631,2189,2209,11824,0,0,114988,63678,37820,6645,18412,71768,63587,26229,3260,11447,59183
10/20/2012,544932,22100,13679,2496,3725,2199,24277,2563,1471,11167,0,0,114988,75939,37008,5724,19468,66527,60160,25347,3269,12219,51289
10/21/2012,985833,27903,17576,2968,4384,2976,32088,2563,2763,28542,0,0,114988,106183,50660,9031,28650,113412,95502,40890,5321,19550,90686
10/22/2012,991076,35294,23289,3678,5109,3218,33694,2620,3744,27113,0,0,114988,96704,55497,10215,31309,103159,86022,45592,5838,21413,84622
10/23/2012,847357,32819,20937,4339,4816,2727,27576,2620,3251,15194,0,0,114988,92267,48261,10466,26686,96639,79856,32610,4998,18596,82680
10/24/2012,912423,32358,20264,4219,4728,3148,26387,1677,2183,16266,0,0,114988,108905,49708,8511,32831,109330,85745,36570,3846,19171,106179
10/25/2012,644093,28342,16645,3908,4961,2829,25543,1677,2414,15435,0,0,114988,76657,40765,6015,22701,94500,65771,25871,3052,11907,92265
10/26/2012,575760,22757,12479,3573,4267,2439,22992,1664,2013,14486,0,0,114988,65756,44290,5420,21896,84386,57927,26662,2572,10279,83982
10/27/2012,594301,23228,13275,3836,3679,2438,21047,1664,1637,12327,0,0,114988,79875,44935,6471,23391,78071,70025,29971,3535,13218,70205
10/28/2012,910259,28354,16358,4569,4665,2762,23639,2854,1974,20511,0,0,114988,108536,61773,10442,32544,130161,91932,44162,5462,18941,109209
10/29/2012,1017681,31592,18269,5069,5264,2990,24253,2854,2577,19745,0,0,114988,114675,64586,11420,37212,130560,99246,45698,5677,22369,111780
10/30/2012,998201,30129,17744,4268,5153,2964,22824,2861,2541,18877,0,0,114988,127947,65950,11503,38905,131561,100165,40992,4633,26684,119361
10/31/2012,1087819,24600,14621,3546,3661,2772,26098,2861,3831,26587,0,0,114988,109145,58227,23632,44898,145387,89387,44555,7055,26122,127716
11/1/2012,1380032,30745,18565,4309,3953,3917,29176,15792,5634,33531,0,0,7284637,135519,86997,35028,51469,157224,110263,67455,14487,37773,130095
11/2/2012,2020551,30578,18626,4477,3489,3985,37513,15792,7696,51110,0,0,7284637,168897,91204,54001,75625,218970,137688,78718,25775,52952,176629
11/3/2012,1028337,34981,22924,4852,3779,3427,19658,7809,6893,18943,0,0,7284637,136569,72157,24960,38083,129757,110932,47737,12218,22691,110138
11/4/2012,1912768,50215,34091,6717,4599,4808,24721,7809,4060,28914,0,0,7284637,235618,128612,30207,65158,227281,188690,83209,16377,42868,188313
11/5/2012,1055365,59440,43301,6269,4979,4890,21043,5928,4032,19891,0,0,7284637,144159,70235,16981,34239,136993,115697,49812,9656,22230,124391
11/6/2012,959529,53255,38393,5981,4664,4216,21394,5928,2781,18060,6885,883400,7284637,137085,69243,16440,32754,121606,104799,44834,8394,21164,114115
11/7/2012,1447655,51481,35735,6296,5001,4448,24885,7852,2929,21481,77805,7152100,7284637,170853,76101,15441,45117,169562,139450,67016,10108,29312,154869
11/8/2012,1216157,52778,36264,6021,5667,4826,26403,7852,3843,20453,29028,3743300,7284637,158269,72946,23744,36727,150320,131562,52689,14707,23901,132059
11/9/2012,1077107,43840,28125,6341,5170,4205,25063,6055,2934,19096,60767,7023900,7284637,171751,74900,23397,35769,137397,126509,49747,11414,21712,122822
11/10/2012,1374292,49199,31939,6316,6204,4741,25209,6055,2951,22590,66955,7592400,7284637,210978,87076,30453,46861,166844,159674,65906,19064,29160,148144
11/11/2012,2190891,64181,43101,7404,7346,6331,29334,5407,3839,32408,62581,6997300,7284637,333906,144729,33931,73209,262141,248202,112996,23033,44638,235417
11/12/2012,2777959,68625,45410,8173,8563,6480,35505,5407,5452,41095,10978,1439400,7284637,397187,167458,28077,92224,325059,298407,136577,18702,52527,300633
11/13/2012,3245797,63453,41514,6783,8359,6797,36317,3211,6022,45282,53333,4553100,7284637,475394,193571,28444,104589,386997,310938,142678,17010,54726,380228
11/14/2012,5648721,67656,45378,6530,8811,6937,49471,3211,9365,44983,31641,3154600,7284637,731234,292207,33487,184482,511434,463941,223217,20261,90917,413400
11/15/2012,1632250,69698,48645,6605,8347,6101,31165,6332,9748,21058,23732,2705000,7284637,238645,96119,13464,48378,165506,159922,78133,7725,31154,139326
11/16/2012,1508285,58835,38779,5250,8009,6798,30418,6332,3549,20344,42258,5289800,7284637,220309,83721,17720,49657,169135,148601,71074,8080,23457,139774
11/17/2012,1949183,67063,45648,6686,8573,6155,30891,3965,3513,24180,44635,6384500,7284637,307827,106616,23185,71796,215599,196540,97299,11806,33809,186395
11/18/2012,4331892,106570,78183,7629,11845,8913,39717,3965,6640,43123,58772,5813000,7284637,617456,189722,26208,131631,437568,408259,186460,22639,69667,360376
11/19/2012,3760406,111779,79780,8311,15016,8671,38471,4536,8568,35070,27145,3047000,7284637,537750,178310,22505,130834,392196,328235,161297,14746,56368,334217
11/20/2012,2248671,72970,46414,8169,11173,7214,38710,4536,7668,32218,37902,3589800,7284637,333127,118004,18184,80152,253432,230240,104991,10964,42683,218409
11/21/2012,2008629,59846,40262,5886,6816,6882,39203,4242,7894,34013,28148,3978800,7284637,307797,108595,21097,84941,250644,203011,92735,8685,41546,229671
11/22/2012,2058643,57213,39792,5437,5736,6248,33833,4242,6888,27579,37974,4705500,7284637,296091,101160,20686,76280,231756,200420,91024,10661,42317,200695
11/23/2012,4697371,135758,102037,10573,13132,10016,45587,7480,10278,53073,25326,3663500,7284637,633019,198493,39514,171856,504339,443644,194853,22537,90292,437208
11/24/2012,4107510,145740,107165,11741,16433,10401,43005,7480,12670,51052,60132,6134000,7284637,706763,221911,60531,150265,484822,469224,200557,30247,77820,407500
11/25/2012,6925946,229174,179381,12609,18667,18517,54275,8523,14350,72329,67714,7034600,7284637,1104457,310514,91476,231701,755551,734709,288906,50078,120014,650690
11/26/2012,7893757,190851,137964,12905,24929,15053,60498,8523,18125,76385,37275,4453700,7284637,1144297,359287,99450,282465,805758,797759,330098,54533,140136,712374
11/27/2012,5194230,129776,89011,10011,17288,13467,55678,5222,12010,60257,46067,4146100,7284637,893169,309068,68737,190407,592558,572701,236915,35543,90969,518079
11/28/2012,8514772,141386,99117,10621,18059,13591,67814,5222,3,80309,50939,6434400,7284637,1155282,429350,67323,308039,910237,778030,325593,33003,147088,809896
11/29/2012,3500644,132900,97099,10087,12223,13491,59428,19461,3749,52350,37861,5031300,7284637,617130,220252,55526,120968,407489,420224,165945,26190,65130,360845
11/30/2012,3701109,119807,85838,8691,14314,10964,63575,19461,8821,65859,33681,5227800,7284637,687652,251773,58638,125719,468966,464612,186119,25446,65657,419464
12/1/2012,6187149,153904,112232,11628,17236,12808,72338,25863,10739,86575,58860,9216600,153503,1055548,366456,118158,210639,720011,740074,298069,63972,116459,615309
12/2/2012,13080589,247684,192946,13995,21714,19030,91396,25863,18970,117714,61140,8120300,153503,2325281,764434,276279,420394,1366130,1517010,600508,131937,239057,1158615
12/3/2012,5554738,194924,141442,13808,23048,16627,74409,10881,22897,79675,35724,5426800,153503,1043952,347427,115671,191140,682691,716143,278715,55975,108500,654104
12/4/2012,5685686,139215,89890,10663,21845,16817,70360,10881,12014,96466,63015,7575500,153503,1033377,397214,87867,207138,797940,703944,307423,43570,104017,809892
12/5/2012,6919340,141467,95444,8777,20695,16551,88060,8438,14506,83234,51836,6772500,153503,1102848,433202,74569,228820,818040,783684,338854,44898,125340,718873
12/6/2012,5447822,120787,82290,8115,16026,14355,79703,8438,15732,69937,21967,3375000,153503,1014480,403177,62406,171678,664941,700580,309536,33798,97278,588803
12/7/2012,4731073,129115,82054,9048,19144,18869,71716,28427,10479,67559,46527,6410900,153503,970143,363783,66346,148603,600274,645388,276073,32892,82501,534186
12/8/2012,6264732,172730,114812,14964,27681,15274,71496,28427,11302,78588,38713,6473800,153503,1289157,474996,122257,189284,771518,858342,371541,61601,109685,672886
12/9/2012,12059237,291951,212733,19715,36206,23297,113442,28167,14555,126605,65069,8644100,153503,2400559,874752,273405,368363,1402719,1543824,667770,137339,207342,1203757
12/10/2012,7701895,259496,184763,19536,36868,18328,110412,28167,20058,106094,36354,4807200,153503,1509621,550479,152848,230368,1023544,1053845,454978,84108,130453,887037
12/11/2012,7668359,148173,76582,19337,35160,17094,112893,12794,17039,85349,35111,6232000,153503,1414010,536788,158385,237525,901682,1019138,448447,91903,136813,770993
12/12/2012,6475103,133721,66394,19338,32479,15509,116394,12794,15582,74022,46239,6222200,153503,1282603,462681,119294,207683,759877,891581,387527,70568,115109,656613
12/13/2012,6595067,131819,66340,19064,32605,13810,144119,8453,12731,74736,30725,4229200,153503,1239383,477250,137769,219215,787580,859849,396159,71246,115976,668818
12/14/2012,6657499,106569,48590,16279,29680,12019,117120,8453,13535,74590,40138,5955800,153503,1183800,465216,93656,220858,776285,796379,364707,50056,111882,674502
12/15/2012,4909404,128921,69355,18019,28848,12699,86869,12695,13884,62343,68898,9946100,153503,907377,402048,61595,158507,618091,756316,373981,48043,96984,526822
12/16/2012,7468127,173839,106272,19334,33726,14508,106379,12695,13450,87589,72802,10255200,153503,1405686,512152,75646,246011,936736,1142164,326162,33994,145961,763020
12/17/2012,6630762,136018,71280,17365,32493,14881,98123,11957,17086,84372,0,0,153503,1187172,541754,124484,221856,873535,941674,461197,67951,119088,743685
12/18/2012,5034337,80667,29623,11084,27614,12346,90345,11957,14132,62380,0,0,153503,893600,417889,86152,161613,664128,716971,351279,57890,94123,557957
12/19/2012,3953589,65841,26185,8217,21069,10370,71067,10516,11141,49914,0,0,153503,677107,339924,53858,128219,467540,545824,287156,40614,69839,390119
12/20/2012,1849550,58307,23158,6195,16939,12016,46869,10516,6447,29768,0,0,153503,351505,163279,28509,58964,225541,273883,135262,19669,33532,187945
12/21/2012,1253760,44109,19319,5135,13492,6163,36038,20179,3717,23341,0,0,153503,240666,105851,20308,44312,168702,189384,93223,14690,26596,136231
12/22/2012,1096142,37281,16737,4554,11728,4263,33084,20179,2838,22794,0,0,153503,220077,80934,28224,39861,145328,167194,80913,18422,24553,124856
12/23/2012,1081096,33026,13658,4032,11093,4243,32462,31109,2599,23728,0,0,153503,200104,77773,33550,36263,150232,156458,73006,21005,19218,127947
12/24/2012,706237,30167,14993,3233,8574,3366,26940,31109,1946,13582,0,0,153503,127785,54074,21655,23539,86375,103833,49172,15414,12886,72393
12/25/2012,739468,24620,7808,3369,9631,3812,25692,36794,1063,14202,0,0,153503,133454,53854,34504,21847,91140,105691,46032,21814,13806,73570
12/26/2012,1589927,42193,15193,6103,15304,5593,35960,36794,2806,33378,0,0,153503,290621,108730,64594,55072,210938,225340,95925,42216,30599,188485
12/27/2012,1457099,39497,14907,5669,13471,5449,49392,6353,3524,45786,0,0,153503,232980,98237,31725,41088,250924,189519,87960,21303,26152,241571
12/28/2012,1191258,34199,12700,4576,11835,5088,43144,6353,2785,36405,0,0,153503,203864,91870,19064,36834,202242,157522,75509,14523,21037,198820
12/29/2012,1166945,33443,12197,4591,11875,4780,37856,5537,2476,24268,0,0,153503,205951,93670,18254,38043,182355,163499,81274,13902,22003,173581
12/30/2012,1316011,35970,13134,4901,12784,5152,38025,5537,2751,31657,0,0,153503,228228,107806,20550,44604,219600,178386,90134,12313,24903,215068
12/31/2012,1382362,27917,9530,3574,10684,4129,32632,9697,3280,25873,0,0,153503,205243,97282,18233,43480,207589,182203,102020,14046,25654,180183
1/1/2013,1815434,38740,13578,5018,15125,5018,14768,6798,2425,37546,0,0,286695,293774,133602,29255,53554,220029,217407,131454,20334,32049,194562
1/2/2013,1281542,47639,19169,4468,18969,5033,18847,5361,2808,36205,0,0,286695,219785,101084,22551,35813,158833,169522,97734,17120,23662,137522
1/3/2013,1075440,37819,16672,4203,12194,4751,21513,5361,2443,32090,0,0,286695,175324,88560,19426,31060,132635,140501,80717,13891,19630,114822
1/4/2013,922562,30608,12034,4105,10307,4162,20388,1400,2000,27384,0,0,286695,159566,85129,13992,30192,115739,122912,69102,10085,20079,104773
1/5/2013,1071686,30745,12265,4334,9839,4307,19784,1400,2168,30953,0,0,286695,181235,83012,12673,34803,137652,146918,79612,11285,19149,124111
1/6/2013,1413237,35178,13721,5052,11784,4620,23008,1279,2238,35989,0,0,286695,251201,109174,13160,40754,169328,191154,107307,10884,25928,147106
1/7/2013,1248375,34081,13844,4436,11362,4438,24745,1279,2858,34807,0,0,286695,193207,86374,10214,34776,139020,160604,84950,7568,21832,126381
1/8/2013,1307334,30454,12340,3806,10242,4066,25856,1142,2711,34648,0,0,286695,217679,98166,12346,36527,147631,166195,86150,8009,22420,134963
1/9/2013,1702334,27760,11068,3547,8971,4173,31657,1142,3428,41150,0,0,286695,275864,123827,11298,54307,187786,204562,106743,6783,30081,172597
1/10/2013,1026097,23471,9943,3137,6236,4154,20831,1209,3851,24815,0,0,286695,129121,57738,13592,24080,94095,116299,62498,8357,17718,86688
1/11/2013,711943,22340,9142,2848,6806,3544,16520,1209,1630,20734,0,0,286695,95092,43192,4070,19953,86408,83823,48237,3179,13993,76587
1/12/2013,785894,23159,9851,2865,6648,3795,15403,1388,1687,22928,0,0,286695,116337,46200,5749,22773,94067,96371,55454,4686,15228,85502
1/13/2013,1082182,28794,12112,3763,8391,4527,20434,1388,2174,29260,0,0,286695,157782,71289,8260,32857,131051,134705,73691,5805,20449,120128
1/14/2013,1304650,29419,12495,4242,8136,4546,24668,1580,2398,33795,0,0,286695,150734,53931,6735,35808,121641,136116,69658,6954,23254,113807
1/15/2013,1404658,26674,10314,4440,7499,4421,27552,1580,2468,34602,0,0,286695,150576,57148,7796,36161,135330,138324,69687,6252,24870,123184
1/16/2013,2977250,24544,7198,5281,7101,4964,54843,1311,4063,63930,0,0,286695,215463,67755,8761,73087,213188,217673,107169,10004,52759,196404
1/17/2013,673754,21036,6015,5234,6224,3563,15270,1311,4720,21450,0,0,286695,93093,44014,6226,21182,87774,81395,43471,4259,12326,85391
1/18/2013,538016,19309,5655,4552,5534,3568,13714,1263,1376,20439,0,0,286695,84781,42326,4316,15654,82254,70008,35980,1906,9637,76078
1/19/2013,578939,18928,5477,4170,5662,3619,12927,1263,805,16051,0,0,286695,84107,38447,5631,16289,84388,68787,37826,2261,9781,72234
1/20/2013,793542,24320,7211,5666,7020,4422,16075,1557,1274,24849,0,0,286695,133167,56258,7834,21918,112020,109831,53052,5399,13248,102563
1/21/2013,948575,26826,8490,5776,7895,4666,18786,1557,2083,27725,0,0,286695,141097,60664,5821,27702,122542,116733,58360,3547,15795,110359
1/22/2013,803700,26334,9505,5709,6999,4122,16660,1440,1591,22985,0,0,286695,118533,59619,5529,23218,105270,96579,51419,3064,13373,99057
1/23/2013,1114724,27711,11253,5664,6634,4160,17874,1440,1905,26179,0,0,286695,135692,63571,6092,31190,132594,119001,57341,3219,17180,124963
1/24/2013,630691,25443,9822,5697,5940,3984,9118,712,1343,23280,0,0,286695,88936,47597,3096,18450,91311,71713,36374,1659,10869,85716
1/25/2013,557866,27974,13435,4982,5915,3643,5204,712,1,22451,0,0,286695,87041,35062,2132,19107,87368,68330,32570,1699,9915,86407
1/26/2013,1096489,29810,13004,5951,6337,4519,24825,10189,1,39888,0,0,286695,122935,44081,7439,37273,133852,105475,56108,2468,21921,126274
1/27/2013,1862986,36229,16110,6578,7720,5820,41237,10189,2150,56450,0,0,286695,193905,62096,7501,59974,226523,166991,82683,2657,37149,208331
1/28/2013,896736,36002,16830,6574,7912,4686,20060,0,4498,34216,0,0,286695,125596,54406,1798,23594,137611,101674,48821,859,13642,137160
1/29/2013,837541,33429,15342,6036,7844,4206,19652,0,1827,39695,0,0,286695,123539,60700,2619,25223,150165,92264,41339,253,13699,152651
1/30/2013,1305965,31629,14230,5534,7196,4670,27709,1173,782,67795,0,0,286695,173073,70298,2304,42641,272265,129849,54003,400,17688,288681
1/31/2013,1368706,30416,12580,5607,6753,5476,43410,1173,1223,135044,0,0,286695,165385,69004,3922,40971,452182,115262,52767,505,18212,476625
2/1/2013,876444,26998,12127,4520,6029,4321,15179,511,2859,18733,0,0,219825,137586,63220,3564,31415,89677,107302,47797,921,13421,77949
2/2/2013,625633,29557,13087,5732,6653,4085,12481,511,2086,16449,0,0,219825,79806,42302,1241,19412,68002,75226,41134,651,11320,57461
2/3/2013,671159,29477,13169,5500,6876,3932,13817,404,1624,17926,0,0,219825,92841,46403,1272,20128,75858,86299,42972,526,12534,63775
2/4/2013,784682,32081,14707,6352,7189,3833,17303,404,2217,18154,0,0,219825,86236,51398,2791,25837,80001,83803,47656,611,15892,66998
2/5/2013,729014,43887,24321,7552,8179,3834,15569,648,2709,17460,0,0,219825,96994,53442,1355,24747,72557,87508,43594,281,13963,66914
2/6/2013,798411,44321,25332,7838,7553,3597,17025,648,2797,17415,0,0,219825,108638,55344,2396,31066,79120,89546,46214,544,17059,73691
2/7/2013,646649,40617,23071,7401,6462,3683,14497,232,2812,16039,0,0,219825,93583,57954,1927,20979,78265,81627,42298,334,11228,73604
2/8/2013,630816,37415,21201,6802,6171,3240,13176,232,1925,17017,0,0,219825,95086,45247,2574,21778,74515,87931,36428,597,11803,71952
2/9/2013,597250,34981,18968,6698,6013,3303,12559,199,1579,18654,0,0,219825,86909,42994,2280,22994,79735,74143,38779,701,10917,79650
2/10/2013,786830,40513,20894,8373,7425,3821,16917,199,1671,31226,0,0,219825,122912,49048,2076,28441,123804,99673,46106,493,12606,139203
2/11/2013,830457,42779,22475,8567,7833,3904,17236,438,1794,34170,0,0,219825,111225,49030,2050,26754,144737,94033,44838,601,13767,177841
2/12/2013,675593,31696,16040,6941,5362,3353,11999,438,1666,16278,0,0,219825,97232,44754,1540,21446,75654,78220,37486,389,11721,66514
2/13/2013,650198,24083,11724,7277,2159,2923,9915,1524,1768,14232,0,0,219825,88434,42196,2856,21752,67578,70931,34682,620,10000,60882
2/14/2013,379638,21114,8874,5502,1268,5470,6596,1524,1084,8719,0,0,219825,49551,23308,1580,13620,41389,40876,19653,665,10015,37082
2/15/2013,442881,14878,5424,5291,1715,2447,8236,1539,1305,11686,0,0,219825,62429,31676,7064,15776,53438,53311,24312,1843,8086,47443
2/16/2013,589793,17006,6322,6275,1727,2682,10463,1539,1656,17540,0,0,219825,68108,30697,4872,19308,59827,60861,29249,1693,11270,52646
2/17/2013,712453,19651,8400,6482,1779,2990,12644,2209,1681,20098,0,0,219825,92303,40131,6399,23812,78753,77113,38260,2768,14152,68173
2/18/2013,701248,23455,10529,7532,2121,3273,12986,2209,4436,19541,0,0,219825,98180,43379,3322,22249,84705,85083,41321,1952,14321,76443
2/19/2013,589363,19999,9859,5243,1948,2949,10396,2213,3158,17142,0,0,219825,87959,42810,4635,23057,75257,67555,34490,2301,11530,69821
2/20/2013,572432,17325,8536,3903,1982,2905,9909,2213,1608,16096,0,0,219825,79490,42675,4888,19729,74750,63173,31033,1994,9984,69704
2/21/2013,543660,15196,7246,3357,1855,2738,10523,1929,2040,16199,0,0,219825,71636,36673,4383,20228,64762,58901,28844,1612,10532,63590
2/22/2013,481367,12180,4831,2881,1782,2686,9109,1929,2641,15335,0,0,219825,73105,31426,7152,23594,62535,57996,24793,2396,11197,61850
2/23/2013,485952,13210,5267,3325,1817,2801,8580,2056,2048,15255,0,0,219825,78077,34843,4748,18531,62747,59743,26027,2435,10109,60099
2/24/2013,671536,17350,8092,3881,1946,3430,10631,2056,468,20018,0,0,219825,108879,53434,5468,23842,87208,86163,40558,3206,13379,77552
2/25/2013,697231,18776,9619,3690,2136,3331,11616,1966,1000,18347,0,0,219825,97798,38926,3698,27090,77444,78449,34589,3068,14138,74005
2/26/2013,782110,17266,8525,3397,2050,3294,14006,1966,1627,32670,0,0,219825,110015,52663,6210,25124,109344,85665,39515,2793,14094,99641
2/27/2013,996298,17033,8115,3792,1943,3183,16479,1405,1949,36194,0,0,219825,152311,69675,5950,33924,133326,105526,45104,2535,16500,125448
2/28/2013,623810,16095,8516,2861,1814,2903,16055,1405,1927,30340,0,0,219825,80127,39453,4607,22737,99230,65198,32259,2574,10891,94090
3/1/2013,426121,15403,8173,2701,1644,2885,9197,2021,1454,16164,0,0,378572,62552,28978,5192,15139,58719,48998,26947,2366,7662,53069
3/2/2013,498966,15337,8410,2583,1612,2733,9977,2021,1089,16142,0,0,378572,80869,27544,5085,17495,69766,67466,28530,2131,8981,61897
3/3/2013,689958,19562,11054,3282,2031,3194,12885,1418,1416,21962,0,0,378572,104660,53330,5710,23364,93258,83703,44665,2621,13375,84382
3/4/2013,770988,20498,11340,3563,2079,3516,15255,1418,2048,22689,0,0,378572,104447,43505,6002,20738,88126,86403,41671,3111,13557,80052
3/5/2013,807585,18820,10363,2950,2113,3394,14598,1522,1714,22632,0,0,378572,109459,55827,6323,23112,88907,86306,42649,2299,13024,84185
3/6/2013,1048036,16948,8259,3253,1985,3451,16560,1522,2112,27452,0,0,378572,133123,64102,6853,30244,116600,104714,50959,2432,18875,107760
3/7/2013,550671,16001,8058,2914,1777,3252,12695,1929,2237,16142,0,0,378572,76625,39211,2836,16634,64937,60872,34250,1687,9905,64853
3/8/2013,445700,14311,6656,2788,1828,3038,8822,1929,1501,13755,0,0,378572,71742,32349,3830,14594,56846,53811,26791,1530,8104,53261
3/9/2013,529507,14862,6093,3910,1705,3155,10298,1842,1355,15391,0,0,378572,78057,40796,3970,20811,63688,62229,35186,1440,11098,60443
3/10/2013,708785,17141,8065,3665,1916,3495,12134,1842,1796,18847,0,0,378572,112136,54164,4419,27720,85760,84026,41311,2182,15572,83362
3/11/2013,664301,22328,11367,4083,3262,3615,11643,4556,1869,18620,0,0,378572,104314,50774,4198,19712,77915,75874,37632,1653,10354,79785
3/12/2013,631384,24120,13459,3671,3376,3613,11980,4556,1535,18756,0,0,378572,100987,44675,4642,20823,82069,73453,34139,2151,10245,84469
3/13/2013,643795,22659,12884,3649,2996,3130,11673,8182,1386,17574,0,0,378572,95327,42611,5830,20813,81355,73303,31531,2384,10233,83091
3/14/2013,554352,22326,13456,3335,2703,2831,13320,8182,2370,20041,0,0,378572,88847,41598,11274,19961,76608,68651,30662,2864,10382,75465
3/15/2013,447523,19355,10923,3156,2446,2830,11352,5729,2386,18495,0,0,378572,75561,35624,6236,15856,63376,55759,28108,2614,8570,64578
3/16/2013,688681,22483,12979,3736,2508,3260,17089,5729,3644,25099,0,0,378572,93073,41887,7678,23985,78597,71216,37420,3698,13774,76934
3/17/2013,653694,29759,18887,4346,3237,3289,13234,7392,2729,21507,0,0,378572,115846,44929,10968,24602,85664,89280,38022,4167,12005,85181
3/18/2013,704140,35043,22975,4844,3697,3527,15703,7392,2210,23883,0,0,378572,111025,45937,10234,24910,92758,87515,38294,3413,13987,94910
3/19/2013,666859,28550,17314,4664,3544,3028,14846,13564,1586,27555,0,0,378572,111485,46517,8747,23236,109350,81039,37857,3771,12555,112790
3/20/2013,697742,25207,14405,4018,3442,3341,12558,13564,2468,19700,0,0,378572,95058,42093,11217,27285,69895,75180,40519,5629,17436,65313
3/21/2013,620208,22147,12875,3448,2548,3276,12923,17704,3225,20223,0,0,378572,93874,46529,13359,25791,73921,73686,33870,5941,13267,72633
3/22/2013,552786,21885,11737,3965,3231,2952,14715,17704,1655,22098,0,0,378572,86390,34838,9863,20756,79580,61777,30905,4453,11041,78022
3/23/2013,569713,25829,14563,5227,3067,2972,14650,29078,1565,18722,0,0,378572,96920,38274,9955,18877,69552,75256,32644,5481,11033,65944
3/24/2013,1000996,33746,19982,5259,4262,4242,17291,29078,2532,28021,0,0,378572,142223,63574,20057,36001,95015,110992,56523,9583,21213,89406
3/25/2013,1151997,39592,24200,5765,5017,4611,19902,41744,3345,29714,0,0,378572,159683,70481,31880,42470,97578,115851,62420,15516,26140,90512
3/26/2013,1431714,34358,19973,5264,4566,4554,24089,41744,3779,35784,0,0,378572,172641,65927,27270,48973,104927,132066,69520,14273,31804,99219
3/27/2013,1427267,32587,19116,5080,4364,4027,32101,26128,4788,40559,0,0,378572,150007,48861,19039,45859,114079,121358,66285,12567,29612,106037
3/28/2013,681307,28544,16507,5247,3818,2972,20899,26128,4175,32329,0,0,378572,100365,35225,11498,30767,94716,81210,30821,7018,13816,103433
3/29/2013,516952,24324,14196,4290,3317,2521,14409,25615,1854,15210,0,0,378572,92674,32273,8898,19301,68071,66767,28400,4894,9723,67175
3/30/2013,481434,21927,11799,4510,3357,2260,13533,25615,1495,17824,0,0,378572,87040,30276,7243,16579,74739,63671,26889,4855,7978,75714
3/31/2013,890362,24946,13271,4782,3903,2990,20902,17855,378,31488,0,0,378572,133928,49082,20670,34287,131191,97551,44351,11402,19519,139816
4/1/2013,1164083,40314,24282,6680,5367,3985,11961,18583,2374,19160,0,0,430784,150862,52343,16057,40344,94968,131471,59172,12357,28723,88450
4/2/2013,1509885,40111,24523,6274,5332,3981,15265,999,5045,19583,0,0,430784,195085,75542,12913,65613,108106,167600,80225,10353,36238,100678
4/3/2013,1088685,37881,23040,6272,5208,3362,12463,999,5073,16881,0,0,430784,171417,72755,5625,38409,99773,139989,56547,4191,22088,89527
4/4/2013,551254,33918,18814,6863,5078,3163,7943,2208,2467,11100,0,0,430784,91272,35511,4204,16033,60925,82155,35008,2603,9576,53958
4/5/2013,460561,26660,13336,6100,4479,2745,6455,2208,1427,9151,0,0,430784,81444,31322,1668,14823,49714,64991,31119,1263,8395,46288
4/6/2013,547286,26873,13617,6214,4271,2772,6572,4412,1436,10018,0,0,430784,88905,31690,3552,17622,55675,79232,32354,3252,10894,48672
4/7/2013,745400,34098,18228,7358,5116,3396,8209,4412,1818,13247,0,0,430784,125903,44207,4175,24332,76590,111556,48294,2812,14445,66058
4/8/2013,835713,44031,27261,7372,5759,3639,9140,5717,2335,12597,36448,3469540,430784,120526,41623,4586,27185,72651,119636,45790,3175,16959,66584
4/9/2013,708243,41290,26332,6899,4628,3431,8291,5717,1768,11364,28637,3082000,430784,116682,43287,3352,24170,68866,100086,40056,2149,14032,64575
4/10/2013,805938,39727,24719,7399,4203,3406,9018,5465,1709,13012,49610,5003700,430784,129075,41407,4947,22524,79577,113295,43300,2814,13974,73622
4/11/2013,631014,36575,21900,7077,4384,3215,9125,5465,1906,12466,60072,5233300,430784,107725,36256,4025,21580,69440,94108,35938,2180,11689,69044
4/12/2013,524907,29998,16697,5940,4079,3281,7958,5194,1734,12823,67924,7321900,430784,89216,32387,3572,18291,67794,75692,30831,2403,10177,72826
4/13/2013,552531,26016,15638,3367,3798,3213,8243,5194,1429,17955,53207,6196030,430784,95860,33700,3974,19397,87649,77984,35693,2037,10241,103924
4/14/2013,753144,34950,21329,4952,4881,3789,8697,4051,1631,13793,55037,6752500,430784,139948,50597,5003,26579,84611,117162,48291,2822,14874,75307
4/15/2013,780575,38611,25389,4306,5325,3590,8604,4051,1989,12739,72126,5081220,430784,119718,44245,3703,25496,128792,101713,39835,1291,12982,138036
4/16/2013,719062,37324,23849,4609,5282,3584,8395,5264,1926,11562,49234,4162180,430784,127443,50921,2091,23130,71320,104028,42913,1306,12767,60331
4/17/2013,755153,37835,23791,5060,5534,3450,8782,5264,2101,13840,47196,5246060,430784,119541,50393,3783,31233,76804,108052,43771,1962,14944,69257
4/18/2013,736008,35238,21536,4986,4976,3740,9168,5521,2050,13181,71692,6476680,430784,117172,40843,4997,25272,83106,101503,38689,2064,14579,85024
4/19/2013,569887,28626,16703,4462,4227,3234,7465,5521,1714,12419,60130,4662010,430784,93572,35653,3099,20953,72970,78999,32597,1583,11171,73735
4/20/2013,793050,29791,17481,4871,4011,3427,9694,4371,2219,18604,29799,2876310,430784,108247,40213,4680,29570,88697,94586,46458,2207,17231,85107
4/21/2013,1092531,40331,24879,5518,5338,4596,12162,4371,2662,21297,37612,4377710,430784,167396,63785,4537,39644,118337,144839,58579,2303,20823,115396
4/22/2013,945041,49284,31807,6097,6223,5158,10342,6568,2237,18115,79414,6417340,430784,151286,56215,5491,31808,102899,135121,53410,2419,16656,105209
4/23/2013,991993,44598,28142,6655,4759,5043,11336,6568,1855,18491,60788,4856010,430784,164226,55454,6056,31790,110511,139197,53539,2574,16247,108342
4/24/2013,1295295,40264,24829,7171,4026,4238,11702,2904,1864,18962,37586,3330550,430784,190342,59067,4352,43272,126707,155746,60258,1923,23023,128247
4/25/2013,819184,35447,21177,6987,3634,3649,11087,2904,1727,25345,36695,3751480,430784,114456,54894,3204,24434,109551,107355,48087,1688,14910,102467
4/26/2013,652599,29028,16145,5973,3191,3720,10828,4057,1890,19000,49680,3352410,430784,107582,46790,3408,24627,82908,87725,35879,1138,13158,81105
4/27/2013,648342,26834,14579,5647,3212,3396,10361,4057,1695,16749,26174,2912510,430784,113851,41713,2563,20287,83953,94008,39788,1250,11573,78675
4/28/2013,1035853,37807,22238,7322,4189,4058,13157,5412,1715,22879,44158,3311410,430784,190968,71375,3626,34276,121542,158079,62306,1269,17125,113547
4/29/2013,1239299,45081,28484,7338,4593,4666,15997,5412,2347,23444,53037,4016490,430784,206090,78259,5623,44071,122384,172404,72473,1968,23462,115947
4/30/2013,1442165,38502,24413,5180,4163,4745,18506,4254,2297,26871,46574,4575690,430784,249904,105837,8516,51546,154502,191220,80510,3308,24039,143860
5/1/2013,1830863,37659,23510,5261,4324,4564,19527,3612,2364,27266,21731,2581710,129678,284116,124476,9436,62174,166538,223205,99895,3665,32773,156985
5/2/2013,1178936,35364,21328,5154,4199,4682,15850,3744,2592,23029,14898,1622980,129678,173984,99447,4792,30738,123806,153631,73793,1896,19219,110071
5/3/2013,812316,30361,17485,5013,3604,4258,12973,3744,2088,19009,28958,3104570,129678,128344,68379,4890,28624,90605,110963,57688,2089,16779,85606
5/4/2013,803455,27514,15214,5086,3300,3914,11916,2902,1960,18472,20096,2093910,129678,136185,63273,4568,29861,93590,116706,56963,1542,15760,83256
5/5/2013,1389294,37977,20873,7572,4407,5124,16662,2902,2679,26767,55868,5031510,129678,217918,108635,6875,53359,144933,190314,91825,3049,27302,128043
5/6/2013,1470276,51644,31376,9295,5422,5551,18759,3967,3212,27031,0,0,129678,221450,114869,6583,56175,146879,194739,99783,3285,25408,131352
5/7/2013,1395787,45555,27722,7110,5328,5396,18900,3967,1284,26278,0,0,129678,216012,101248,7210,52739,132808,182856,93888,4305,25802,118752
5/8/2013,1114576,39702,22282,7245,5027,5148,15355,2124,2053,23331,0,0,129678,174279,82172,4468,37974,110200,150549,68345,2175,20913,108675
5/9/2013,793570,34808,19343,6402,4518,4544,12526,2124,2354,18661,0,0,129678,138963,66200,3376,33730,85844,115474,54020,853,14859,78084
5/10/2013,652221,26679,14869,3883,3815,4112,10598,1972,2125,15469,0,0,129678,117827,52268,3166,24202,71565,94701,40577,1216,12004,63661
5/11/2013,617694,25725,14136,3699,3782,4108,10013,1972,2000,15676,0,0,129678,119717,43480,3137,21859,70732,96002,40291,1291,11978,64484
5/12/2013,731432,29181,15517,5544,3528,4592,11380,2634,1815,17070,0,0,129678,143693,53419,3380,28326,74094,115652,47225,1884,12944,67650
5/13/2013,987167,38566,21489,7556,3934,5587,14058,2634,3091,22832,0,0,129678,160181,63069,4388,34959,103710,139939,58080,1824,20296,90622
5/14/2013,889925,34221,18917,6152,3734,5417,13933,3047,3773,22813,0,0,129678,154253,55661,6288,32781,97988,125653,53032,2114,18882,99617
5/15/2013,889079,33502,18523,6526,3524,4929,13158,3047,3217,18265,0,0,129678,154028,58333,4004,32595,88858,124464,48262,1795,16320,83042
5/16/2013,709205,31345,17973,5906,3035,4431,12112,4802,2505,16778,0,0,129678,122808,52501,3051,21970,73687,96266,38371,1267,11379,70495
5/17/2013,593622,23920,13270,3950,2856,3845,9801,4802,1921,13991,0,0,129678,104332,46765,3341,17035,65386,83012,34290,1029,10404,61389
5/18/2013,537764,20765,10695,4273,2519,3278,9788,4935,1516,12795,0,0,129678,102880,41098,3375,16644,59691,76737,31104,1231,8870,55938
5/19/2013,809926,28958,14699,6412,3499,4348,13612,4935,2021,17107,0,0,129678,154446,58723,5392,27873,85775,121930,48416,1973,14380,80908
5/20/2013,961282,30463,17006,4215,4408,4834,13175,5298,2409,19499,48189,6427800,129678,157036,65609,6418,32372,103201,132081,50107,2427,16268,100254
5/21/2013,942746,28963,16248,3552,4631,4533,13612,5298,3400,19838,37851,4177400,129678,160975,65955,8572,31841,105066,123840,46159,2827,18046,105627
5/22/2013,1296437,29106,16093,3936,4505,4572,15442,4664,4190,21683,37024,4510570,129678,188149,68360,8666,40683,131054,148373,56441,2586,20206,135339
5/23/2013,728906,22589,9718,4160,4360,4351,13742,4664,3346,19179,26882,3421800,129678,116139,50219,3865,26315,90065,93496,39319,1457,12649,90148
5/24/2013,652548,17353,5939,3858,3851,3705,13274,3650,2203,20158,36448,3967040,129678,103586,44847,3677,23040,90779,82455,43101,1954,11284,91837
5/25/2013,578219,16087,5349,3803,3548,3387,10475,3650,1857,17569,37307,4936000,129678,100107,35816,3322,21188,77217,77504,32450,1120,10070,77252
5/26/2013,619493,17167,5814,3845,4083,3425,11271,3963,1637,18651,32943,4801540,129678,97726,40598,3561,20535,87429,74835,37325,1390,10457,83673
5/27/2013,1199132,21084,7579,4000,4745,4760,17222,3963,3318,26504,43317,5125290,129678,167823,59745,7907,42939,125564,139128,59018,2540,23346,124172
5/28/2013,1500413,27623,10684,5120,6361,5458,21294,5924,2102,32284,34994,4085100,129678,192883,70629,9444,56996,152650,148650,73296,3549,34075,154154
5/29/2013,1153487,29984,11512,6604,7218,4651,19475,5924,2125,38357,21521,3592110,129678,153956,61680,7147,32684,153591,122638,53012,2722,17047,155887
5/30/2013,880342,30285,11735,6514,7454,4582,16458,6937,2914,34817,51256,5410400,129678,119600,50700,5645,30066,143688,96301,45717,2177,14324,150624
5/31/2013,853814,26083,9331,5749,6677,4327,16559,6937,2756,36173,42852,3892900,129678,132828,50328,8325,32687,160096,96936,41989,2495,13268,172252
6/1/2013,699536,23083,7607,5707,5835,3933,10653,5332,2102,22060,46107,6295170,165955,107638,37938,4840,22249,100413,84709,35320,3244,12842,101603
6/2/2013,1044542,28715,9494,6526,7761,4935,13065,5332,2528,27718,26359,4206970,165955,163115,65007,8585,38328,138010,132450,57063,4842,17273,136442
6/3/2013,1158434,34612,11004,8053,9727,5828,16927,7149,3200,32595,35436,4929900,165955,174722,72209,10307,40943,160007,141316,64193,5368,19794,155080
6/4/2013,1179293,32354,9028,7393,10197,5736,17137,7149,3896,32454,35285,5251570,165955,189540,80741,10805,43168,152811,146147,63155,5149,19126,150578
6/5/2013,1645957,32510,8218,7725,10644,5924,20429,6722,5209,38319,26641,4123470,165955,227704,104155,14861,61789,195793,179564,83352,6467,27579,202450
6/6/2013,1183241,28972,6554,8386,9353,4679,18931,6722,4862,33000,56741,6364090,165955,163960,83644,10931,43027,156759,132934,67799,5573,19554,159436
6/7/2013,905681,25235,5410,8493,7276,4056,17982,8401,4323,31701,49840,5411610,165955,130442,63965,12099,37568,142838,103651,54691,5667,18152,150118
6/8/2013,795235,23449,4543,8559,6975,3372,15382,8401,3940,30514,20691,3712670,165955,123193,57280,12326,33444,120835,101663,52111,6004,17824,121005
6/9/2013,1305260,27363,5415,9488,7955,4505,21556,8739,4239,47885,28176,3967670,165955,183210,82796,17800,54256,191932,152340,76380,9978,28042,200409
6/10/2013,1424979,33707,7509,11145,10267,4787,22836,8739,4826,36267,0,0,165955,194848,102063,20711,45722,173097,166935,90700,12429,21436,172600
6/11/2013,1309971,31164,6708,10362,9900,4194,23837,8168,3850,33941,0,0,165955,178238,93973,18428,39404,152193,147248,81269,11388,21416,159362
6/12/2013,944188,29855,6090,11558,8540,3668,23331,8168,4821,34798,0,0,165955,134631,60777,13887,30158,145162,118490,51559,8724,15093,160230
6/13/2013,804106,27243,6159,9420,8236,3428,24952,6954,4452,35589,0,0,165955,124982,49203,11738,26236,149280,96637,44908,6880,12101,180745
6/14/2013,626233,21049,5517,6188,6429,2914,15698,6954,4169,23001,0,0,165955,93925,40975,12265,20416,97464,78382,43149,6607,10936,90811
6/15/2013,504316,18393,5258,5061,5528,2547,13064,6442,2727,19113,0,0,165955,85208,28612,10317,16156,77262,63987,31190,6109,8597,71526
6/16/2013,679983,20547,6194,5384,6051,2917,15054,6442,3380,21579,0,0,165955,102411,32850,13395,24332,97997,86440,40777,7371,12199,90746
6/17/2013,794324,23402,6944,7896,5317,3246,15946,6088,3842,22719,0,0,165955,115393,42086,15211,23595,103972,93357,48334,8334,12324,100699
6/18/2013,831652,22216,6825,7069,4911,3411,14859,6088,3712,23980,0,0,165955,119813,45112,14955,26330,115771,90449,47176,8364,12362,112133
6/19/2013,717555,20189,6354,5928,4540,3367,16148,4011,1964,21937,0,0,165955,96426,31970,8341,19409,93478,85618,41571,5574,11754,89698
6/20/2013,665136,18567,5982,5419,3951,3215,15169,4011,1736,22728,0,0,165955,86190,31588,7542,20161,102675,75097,40935,3805,10421,98024
6/21/2013,560455,15875,4565,4574,3399,3338,13518,4704,1980,20412,0,0,165955,76511,29048,6430,19936,91545,60400,32744,2649,9746,90043
6/22/2013,528282,14166,3824,4393,3169,2781,12873,4704,1637,20242,0,0,165955,76209,22955,6999,18631,91929,64218,31629,3112,10161,89942
6/23/2013,881716,18438,5378,5469,3911,3680,17129,6703,1871,34440,0,0,165955,118148,34326,9830,29004,151919,100535,47719,5016,15779,153244
6/24/2013,1102378,25106,10055,5680,4807,4564,18411,6703,2744,43724,0,0,165955,136219,40013,13579,36059,186960,112761,52513,6781,18754,187482
6/25/2013,1345112,27613,15140,3615,4663,4195,20642,6208,3391,64663,0,0,165955,154857,47619,18389,45908,255295,125924,58038,8474,22697,258184
6/26/2013,1150254,24993,14977,1900,4274,3843,21382,6208,3942,50559,0,0,165955,139485,39965,16288,35447,184802,107107,50413,8210,19288,186429
6/27/2013,731150,20708,11739,1773,3935,3261,19222,6124,3262,35382,0,0,165955,96506,35865,12575,25644,133267,75138,40878,5747,11546,135879
6/28/2013,565538,15265,7504,1468,3272,3021,16331,6124,2253,17710,0,0,165955,88426,30578,15130,19436,78631,67132,34139,5856,9602,78128
6/29/2013,606182,15204,6346,2539,3392,2928,11732,5944,2195,15488,0,0,165955,85693,25621,14359,20806,67039,65936,35357,4830,12849,72615
6/30/2013,898030,19642,7973,4296,4015,3358,10609,5944,2661,22832,0,0,165955,121741,31478,27618,30791,107106,99853,56147,7143,16543,113217
7/1/2013,816414,25497,12392,5854,3408,3844,7964,13292,3338,15761,0,0,298438,118784,40607,12753,23995,85762,101323,41566,7665,13365,91946
7/2/2013,765235,22736,11351,5873,2300,3212,9106,13292,2145,15023,0,0,298438,108480,50186,11469,26475,83403,92700,41093,6057,14171,89576
7/3/2013,584546,19131,8686,5455,2045,2945,7849,8109,2032,12816,0,0,298438,90967,38001,7192,18912,64972,74774,33025,3729,10505,68396
7/4/2013,428324,12876,4902,4195,1410,2369,5836,8109,1595,10063,0,0,298438,71876,31811,4793,15205,52390,58379,25351,2435,7936,52343
7/5/2013,693564,17196,6173,6039,1790,3194,8878,8182,2304,13690,0,0,298438,92994,38272,8386,26686,66843,78920,34794,3409,16315,67459
7/6/2013,770849,16184,5260,5959,1720,3245,9425,8182,3450,15472,0,0,298438,99534,37241,5991,26930,79517,85114,40365,3374,16148,80657
7/7/2013,1466022,21223,7182,7089,2488,4463,15199,7289,5069,24219,0,0,298438,175765,64617,11544,57286,131818,144106,67970,7209,33608,134233
7/8/2013,818564,24895,9875,8036,2920,4065,9866,7289,5045,15665,0,0,298438,118076,49437,5129,27319,95863,108179,48540,3098,15367,91411
7/9/2013,847737,22603,8493,7312,3034,3765,11342,6724,2978,13450,0,0,298438,132586,57934,6478,30292,97561,104898,52211,2820,17097,95557
7/10/2013,917005,20709,7502,6802,2926,3479,11605,6724,3539,13402,0,0,298438,148261,61772,6234,37044,93973,108354,49750,2125,17208,94693
7/11/2013,612635,18280,6581,5743,2526,3430,11791,6222,2901,11556,0,0,298438,91114,42375,3184,22220,58746,76863,36453,1731,10934,59062
7/12/2013,511015,15856,5491,5338,2212,2815,9147,6222,1989,10376,0,0,298438,77470,37843,4512,18927,57983,63798,32374,1715,8883,57734
7/13/2013,630607,15241,4972,5635,1776,2858,9755,6553,2504,12551,0,0,298438,82563,33681,4399,21937,55545,70177,34449,2493,13915,56825
7/14/2013,775626,21891,9250,6896,2365,3380,12008,6553,3700,15584,0,0,298438,107137,48528,5149,30083,79924,90992,48039,2238,17697,75299
7/15/2013,786244,26843,12931,7130,3102,3679,12607,9450,3046,14019,0,0,298438,114114,48484,4863,23355,71243,98265,50344,2478,14806,71906
7/16/2013,753894,25204,10869,7072,2869,4394,11307,9450,2102,12992,0,0,298438,113356,45780,3751,21950,76431,92048,43919,2381,11547,71831
7/17/2013,872463,21788,9520,4944,2923,4402,11251,3001,2062,13875,0,0,298438,125331,49563,4472,24520,81119,102227,43574,1966,14260,83734
7/18/2013,651614,21715,8327,6009,2956,4423,9864,3001,2039,13442,0,0,298438,107756,45365,3616,22452,74961,84016,38825,764,11597,77798
7/19/2013,646225,18555,7124,5234,2474,3722,12229,128,1982,12037,0,0,298438,103449,42769,3574,20098,69621,79295,34303,595,10029,71398
7/20/2013,561692,18910,6424,6556,2308,3621,8662,128,1596,12093,0,0,298438,94105,34007,2686,19851,67376,72692,35006,422,11490,70085
7/21/2013,775238,25032,10093,7965,3001,3973,10744,1655,538,16900,0,0,298438,131009,49308,2569,21915,96226,100951,47697,313,13339,99762
7/22/2013,927690,30022,13690,8819,3373,4140,13540,1655,1690,19508,0,0,298438,139168,54879,3476,27645,110193,111395,50120,674,13997,124198
7/23/2013,980357,25799,10951,7646,3263,3938,13901,3365,2321,22903,0,0,298438,150201,60945,4293,30994,121001,114139,48945,514,16662,147623
7/24/2013,1280404,22100,9166,6671,3291,2973,13139,3365,2984,15616,0,0,298438,154182,58882,5862,40407,106377,135774,55026,744,19796,109155
7/25/2013,646634,20958,9479,5674,2988,2817,11901,3414,2666,14902,0,0,298438,97732,50258,3410,21784,66354,81454,40950,657,11661,63478
7/26/2013,556483,17775,8821,4390,1913,2652,10881,3414,1948,14389,0,0,298438,90922,41276,2402,19002,64358,70628,33532,264,10087,58959
7/27/2013,623808,16875,7835,4516,1979,2544,10594,2941,1679,16443,0,0,298438,90436,36744,2943,20890,67730,75041,34308,189,11077,63658
7/28/2013,897662,21894,10691,5616,2494,3092,13568,2941,2165,18794,0,0,298438,130079,54902,5467,32826,91187,108631,50062,395,18021,86015
7/29/2013,860818,28297,14435,6795,3173,3893,13368,3066,1069,19541,0,0,298438,135410,52451,2882,33877,91373,107007,45712,313,14540,87065
7/30/2013,945053,29276,13412,6683,4648,4534,13355,3066,1764,24155,0,0,298438,169970,66550,4342,32239,107261,124868,49286,447,17088,102244
7/31/2013,1451870,27998,12123,6465,4772,4638,17185,3040,3319,33592,0,0,298438,240125,86105,6873,52626,162596,170476,63725,410,24247,160701
8/1/2013,657827,25038,9898,6386,4153,4600,11444,1678,3244,20817,0,0,143701,112802,44421,3496,20110,79782,86046,39837,208,10760,73720
8/2/2013,531243,21667,7591,6249,3891,3936,9496,1288,2090,15809,0,0,143701,93877,42092,2346,17463,64376,69764,36763,182,8915,59537
8/3/2013,572473,21229,7305,6521,3768,3634,8818,1288,1825,14413,0,0,143701,95235,38702,2160,18647,63021,76483,33839,15,10415,56263
8/4/2013,724886,25086,9583,7205,4010,4288,10544,2139,1934,19549,0,0,143701,124030,48517,3771,22512,86499,100865,38969,359,13148,78548
8/5/2013,870982,30496,13295,7732,4506,4963,13453,2139,2685,22165,0,0,143701,140131,51205,2538,31218,90763,114580,46220,292,16095,87654
8/6/2013,901208,29359,12547,7413,4512,4888,13241,2417,3045,22149,0,0,143701,139351,50642,5518,31674,99590,113044,48486,1221,16769,93026
8/7/2013,862994,26274,11279,5256,4250,5489,14897,2417,2823,34603,0,0,143701,137246,55815,3718,26590,111515,108988,43678,1321,12541,107899
8/8/2013,661808,22334,9690,4386,3770,4488,14782,2223,2568,29732,0,0,143701,106646,41636,2871,20812,98096,81242,32312,1002,11413,96303
8/9/2013,577930,19476,8197,4109,3224,3947,14616,2223,2700,24251,0,0,143701,96793,42304,3167,20247,86498,79921,30783,1298,11386,79380
8/10/2013,804793,15720,6798,2687,2209,4026,15188,1440,2940,24636,0,0,143701,116972,48187,7351,29578,90034,89997,42002,1537,15837,89139
8/11/2013,1453190,20874,9494,3404,2696,5280,21230,1440,4824,30350,0,0,143701,187909,71642,8666,51446,134026,144631,72384,2000,32146,133367
8/12/2013,800137,26425,13664,5232,2615,4914,17331,2573,4935,24973,0,0,143701,129640,55710,2696,23866,101428,101487,47415,851,13430,96500
8/13/2013,747118,24779,12709,5388,2174,4509,17338,2573,2760,24356,0,0,143701,123434,55476,2446,23763,99648,100667,43710,601,13852,94513
8/14/2013,720794,24172,11799,6124,1969,4280,14576,2841,2254,21707,0,0,143701,122993,51043,2636,21193,100158,97317,39208,961,12414,94735
8/15/2013,607161,22769,10455,5653,2337,4325,14194,2841,1864,19428,0,0,143701,103467,45214,3010,21364,80900,80697,33006,1069,9667,78280
8/16/2013,562311,19540,8538,4970,2065,3967,13964,4610,2181,19348,0,0,143701,92454,45362,5114,22616,76604,71499,36114,1474,11937,74910
8/17/2013,650646,18766,7922,5018,1981,3845,13647,4610,2287,19107,0,0,143701,96652,38634,5974,22725,82010,81592,34127,1547,12548,81702
8/18/2013,899696,24398,10363,6373,2588,5074,17163,5003,2933,25126,0,0,143701,146328,50708,5926,34309,110239,115320,50376,2269,17448,109241
8/19/2013,849630,26241,12237,5600,2852,5552,18195,5003,3003,25262,0,0,143701,140905,49065,4283,31387,106461,112746,52045,1808,14274,104496
8/20/2013,810849,23975,11547,4540,2801,5087,18842,7167,2590,25407,0,0,143701,140482,55823,11087,28739,109464,107994,46772,1997,15768,109257
8/21/2013,1057926,23886,10905,5496,2661,4823,19350,7167,3462,25086,0,0,143701,156704,57858,14543,37351,120957,125858,51330,3689,18699,124583
8/22/2013,790515,23431,11592,4858,2363,4618,18503,15508,4424,26113,0,0,143701,107364,45171,12934,27380,105550,92140,39490,3445,15374,110451
8/23/2013,566651,21373,10724,4656,2106,3887,15893,15508,2783,23280,0,0,143701,93807,34147,6338,18588,89757,73411,30910,3867,9268,95889
8/24/2013,774956,20424,9866,4529,2124,3905,16470,12322,3119,26915,0,0,143701,102878,32968,11788,24497,102059,86668,38403,5014,14224,106668
8/25/2013,978544,25938,12891,5574,2574,4899,19890,12322,4109,32822,0,0,143701,138552,50744,11782,35546,138723,113297,45778,5292,17862,147780
8/26/2013,868806,30058,15458,6311,2779,5510,18687,6075,3096,29018,0,0,143701,126900,41726,7044,29412,122183,110195,42294,4563,14734,130026
8/27/2013,863163,27068,12970,6477,2621,5001,20727,6075,2530,34371,0,0,143701,130791,41120,4617,30790,133794,101412,38440,2902,15013,145339
8/28/2013,1175424,22458,9228,6152,2450,4628,19090,2601,2766,28930,0,0,143701,146974,43380,5270,38009,139835,119262,47374,2977,19072,167324
8/29/2013,701266,21756,8755,6446,2248,4307,18361,2601,2633,29684,0,0,143701,109615,43781,5450,24087,128564,87471,36142,1438,11005,147134
8/30/2013,702281,20190,8299,5991,2010,3890,19467,3363,2815,37043,0,0,143701,110146,37519,14909,28828,157006,80173,33672,1335,12368,194696
8/31/2013,735824,19376,8375,5104,2198,3698,20656,3363,2542,39771,0,0,143701,120519,38269,13163,30562,164918,86215,37661,1389,12214,175174
9/1/2013,623566,21659,9043,6343,2586,3688,15450,11712,2447,21964,0,0,310263,118834,46288,4534,23863,92268,92310,39955,2434,11615,91196
9/2/2013,1096141,28794,12456,7944,3236,5158,20378,11712,2442,32653,0,0,310263,190141,75459,7872,37145,239474,155776,65281,4097,15317,173501
9/3/2013,1276178,29743,14422,6337,3053,5931,23768,16129,3055,36858,0,0,310263,186956,61712,15320,43978,166552,145837,61421,4521,24586,187464
9/4/2013,1668225,29873,15663,5836,2823,5550,24532,16129,4315,32437,0,0,310263,212812,76084,18556,57093,174674,167331,79508,6923,31865,203771
9/5/2013,841245,25630,12548,5184,2700,5198,19137,17381,5034,23818,0,0,310263,124403,45717,15573,33357,95112,100839,46398,3478,17794,108297
9/6/2013,694002,22464,10050,5478,2522,4414,17315,17381,3621,20945,0,0,310263,98973,39219,10076,26851,83021,78191,43127,3372,14101,90556
9/7/2013,672904,22141,9876,5469,2475,4321,17413,18705,2877,21338,0,0,310263,115998,38480,9630,27489,87385,83080,37865,3071,14268,91357
9/8/2013,927590,28073,12606,6796,3250,5422,20745,18705,3491,26322,0,0,310263,151672,58882,13191,35165,118442,119475,55918,3926,18704,125577
9/9/2013,1047565,31950,14861,6936,4066,6087,22881,9464,3716,25864,0,0,310263,144138,51148,12749,37121,113073,121601,56833,4284,20901,124434
9/10/2013,1215782,34904,16274,6964,5486,6180,25805,9464,4277,28898,0,0,310263,157995,57828,17721,43391,124360,129461,64460,3353,23985,141829
9/11/2013,1602317,36110,17329,7816,4679,6285,30513,8473,5940,34876,0,0,310263,200448,64276,25715,61944,147984,159719,72620,3792,35610,175041
9/12/2013,1319474,31807,14947,7074,4398,5389,28932,8473,6268,31458,0,0,310263,165962,54326,15859,46466,125476,126113,60416,2774,24220,149742
9/13/2013,702850,28196,12139,6843,3919,5295,18540,9156,3730,24701,0,0,310263,107380,39414,6696,24966,106285,85770,37768,2377,12267,119475
9/14/2013,873370,26769,11136,7445,4244,3944,17610,9156,2207,27702,0,0,310263,114804,34656,5476,26986,113363,95884,39255,2311,15581,135427
9/15/2013,1231085,34069,14619,9076,5263,5111,24338,10152,2967,43222,0,0,310263,180774,54898,9129,42030,179028,138329,59617,3622,21031,207428
9/16/2013,802024,36934,16797,9202,5762,5173,23930,10152,2735,37805,0,0,310263,137947,47232,7928,27729,138681,108530,47870,3093,11459,146279
9/17/2013,790486,33642,15719,8242,5186,4494,20028,7,2301,29548,0,0,310263,126959,46980,10241,30553,120895,94485,42591,1522,11882,134850
9/18/2013,740245,23797,7448,7301,4850,4197,18363,7,2061,20343,0,0,310263,126639,40734,3876,30287,95341,94412,39382,998,13069,111416
9/19/2013,789648,16072,2831,4232,4742,4267,18319,0,1873,25615,0,0,310263,133666,43886,3908,25195,114429,93260,41943,860,12311,134734
9/20/2013,628377,14296,3083,2624,4525,4064,19657,0,2079,29251,0,0,310263,98514,32771,5890,21305,116415,72920,37993,385,9903,137604
9/21/2013,586033,31057,16616,5919,4715,3808,15375,0,1989,22975,0,0,310263,100838,38989,2657,22992,98908,76056,32746,399,10689,114207
9/22/2013,830760,39884,22037,7818,5576,4452,20369,0,2075,35326,0,0,310263,142139,46762,3377,30216,146902,104179,45081,491,15735,168996
9/23/2013,939561,40003,21662,7969,5276,5096,22544,20181,2744,34363,0,0,310263,136152,48220,4407,32934,147834,103988,50474,504,15726,172138
9/24/2013,1061448,36806,20601,7660,4005,4539,20199,20181,1385,30406,0,0,310263,163019,55028,3991,29130,123921,121414,46366,370,16937,147770
9/25/2013,1327289,35558,20202,7898,2967,4491,23623,13885,6,40574,0,0,310263,229886,67333,6390,39834,168340,156436,58589,268,21004,200749
9/26/2013,631476,24105,12090,6902,1500,3613,26340,13885,1041,42684,0,0,310263,93008,34330,10136,19470,126615,75002,32794,5065,8926,136014
9/27/2013,589815,18153,7551,6567,1289,2746,25761,11368,1565,40277,0,0,310263,83547,29162,9455,19667,148645,61439,29982,4994,9777,162727
9/28/2013,703363,16464,5889,6504,1481,2590,18734,11368,2936,19862,0,0,310263,84265,31499,9384,21262,68174,71606,31658,5297,12444,80725
9/29/2013,934872,20634,8847,6499,2004,3284,19738,8191,3989,25944,0,0,310263,124920,46354,10925,26578,107376,107916,46456,6238,16479,119247
9/30/2013,838686,16253,5607,5551,1598,3497,36141,8191,2615,33022,0,0,310263,117047,43432,10448,23413,121832,94258,42621,6480,12289,127744
10/1/2013,678745,18806,7461,6134,2006,3206,28778,4415,1041,18168,0,0,371207,111495,43788,6226,17877,71772,85676,36241,4065,10324,74834
10/2/2013,715527,22808,11293,6481,1991,3043,32076,4415,1041,18271,0,0,371207,113499,46561,3972,21137,76596,88449,37392,3025,11294,83380
10/3/2013,675756,26181,13778,7414,1959,3029,28010,3801,715,21174,0,0,371207,97302,46317,6190,21687,79592,77936,37544,3060,9474,84828
10/4/2013,562289,22625,9789,7758,2155,2923,27433,3801,975,23234,0,0,371207,86166,39110,3776,19838,80896,69151,28458,1360,8262,82250
10/5/2013,576407,21552,7554,8559,2369,3071,26228,3613,1915,15733,0,0,371207,98501,39858,3488,21770,57878,75946,35121,2109,11233,60086
10/6/2013,828191,26470,10026,9577,3030,3837,31554,3613,3277,19067,0,0,371207,136599,62978,6933,32936,80978,106047,50479,3851,17297,83791
10/7/2013,877624,31577,12567,10181,4204,4625,44858,3833,2822,16557,0,0,371207,141205,51020,5610,29229,72608,112086,48426,3030,14443,83936
10/8/2013,858574,29426,12510,8199,4045,4671,34729,3833,2513,14431,0,0,371207,138324,50638,6956,30545,72326,105127,50835,3106,14395,83728
10/9/2013,974394,27620,12591,6172,3804,5052,35992,4343,2303,16182,0,0,371207,149360,59464,6868,33488,85324,112595,50719,2468,14877,103232
10/10/2013,603767,24174,11954,4755,3260,4205,31645,4343,2275,10723,0,0,371207,100189,45076,6250,20028,57037,75407,36906,2418,9761,68563
10/11/2013,496804,20737,9901,3872,2986,3979,30268,3227,2088,9299,0,0,371207,87723,42111,5180,18958,52560,68061,32466,1545,9740,60465
10/12/2013,599864,20482,9391,4017,3267,3807,28616,3227,1431,10189,0,0,371207,95148,33674,3364,19930,59396,74276,33992,1618,9069,76067
10/13/2013,848211,27224,13227,5062,4007,4930,32797,3077,2197,14431,0,0,371207,143346,53969,4298,32656,84990,114309,45819,1152,17349,103494
10/14/2013,880673,33384,17680,6034,3886,5784,33969,3077,2640,15967,0,0,371207,146351,52998,3248,30891,85682,116146,51786,1253,12652,109045
10/15/2013,796069,30030,16605,5358,3062,5005,35538,8083,2233,16201,0,0,371207,131294,48088,3562,27662,82896,101771,43998,1123,13048,103740
10/16/2013,1248830,26297,13035,5137,2967,5157,35979,8083,4398,15433,0,0,371207,164488,52622,22338,41035,90047,128773,55894,2929,21770,153850
10/17/2013,663414,23056,10667,5021,2778,4590,24413,9750,3198,11247,0,0,371207,116415,46753,7195,24912,70157,87839,35777,2181,11439,87882
10/18/2013,557141,20356,9443,4666,2381,3865,22856,9750,1820,9552,0,0,371207,104875,41374,4995,18941,66132,77255,30554,2007,9650,59084
10/19/2013,827042,20499,9211,4520,2633,4135,24425,8227,3155,14581,0,0,371207,109714,40532,19750,31083,70459,91211,46266,2665,16392,70884
10/20/2013,1245385,27244,12712,5716,3430,5385,29744,8227,4695,20050,0,0,371207,188426,60573,22878,43592,103869,149749,65807,6859,24317,109039
10/21/2013,841207,35556,19595,5724,4827,5410,30997,9024,2336,12867,0,0,371207,152559,48371,8182,27100,83742,116119,47615,3865,13923,79099
10/22/2013,867473,33459,17654,5682,4971,5152,32408,9024,1421,13120,0,0,371207,155976,51684,7012,34119,82342,114310,47847,2420,15292,82381
10/23/2013,962820,31812,16967,5250,4963,4632,31363,7779,2417,12745,0,0,371207,173953,50533,18341,35609,85284,120132,58340,3591,16746,85892
10/24/2013,886886,27549,14208,4845,4038,4457,30708,7779,2281,12324,0,0,371207,144419,51767,11160,28699,76393,108856,43489,2865,13659,76245
10/25/2013,776087,23168,11063,4143,3619,4342,25815,6742,2095,11528,0,0,371207,137226,44064,9554,25667,70650,102042,43679,3578,11105,71334
10/26/2013,877792,22560,10522,3779,3894,4366,24611,6742,1805,11968,0,0,371207,173783,51079,11295,31779,78628,120693,49655,3107,15553,79590
10/27/2013,2239414,36074,18301,6233,5381,6158,34037,3838,2606,21698,0,0,371207,399267,111771,23105,61851,168069,276748,106537,6424,31295,170130
10/28/2013,2597731,41859,21521,8024,5702,6612,42294,3838,4620,24667,0,0,371207,492314,134586,24971,89078,194115,309984,128340,5507,40604,201028
10/29/2013,867597,41042,23524,7592,4233,5694,29638,6875,4794,15723,0,0,371207,155646,43764,6193,34079,87308,113896,54300,2209,16531,92494
10/30/2013,1066796,41949,21781,5721,8545,5902,34808,7893,2870,23112,0,0,371207,171800,54787,13872,37591,123080,129969,59031,2201,19414,129740
10/31/2013,1185448,32167,16113,4915,5435,5704,47631,13705,3547,31381,0,0,371207,184411,52437,22196,42325,174055,151473,63836,7452,23274,117056
11/1/2013,1674811,35783,17906,5460,5979,6438,45899,10901,4130,22625,0,0,10033695,223835,69140,28131,53560,127576,169806,73851,11588,31157,123937
11/2/2013,1455968,40052,21042,5804,7193,6014,34737,7466,4706,21408,0,0,10033695,267164,68028,44252,52458,125466,192222,63760,18213,25996,122057
11/3/2013,2623373,51756,29378,8273,6743,7363,42292,7487,4454,30407,0,0,10033695,476288,122333,71609,92945,208760,343597,100113,27799,44049,207617
11/4/2013,1210922,54992,34125,8160,5284,7423,33439,6421,4216,22035,60782,6395700,10033695,220625,62238,30663,36730,115388,171801,53340,14462,20417,114269
11/5/2013,1366328,49916,33909,7085,2186,6736,32908,7280,2873,21848,49670,5900200,10033695,242939,70951,36215,41664,124809,184339,59984,14943,21496,126387
11/6/2013,1441336,49829,34083,6871,2453,6422,33946,5535,2900,18299,54530,5319800,10033695,248950,75495,39456,47932,124164,183695,56211,16726,21919,122517
11/7/2013,1937582,45550,30738,6188,2390,6235,41881,6459,3681,19329,54318,6228400,10033695,319370,91270,41196,55841,139278,233042,84886,19143,23515,136440
11/8/2013,1084345,39595,25151,6485,2212,5747,28432,9540,3410,17418,60219,7728200,10033695,194940,55887,32117,36955,103410,146757,56418,10903,15747,100724
11/9/2013,1350916,43161,27536,6754,2583,6287,25927,9100,2690,20200,43667,6776500,10033695,262674,68432,49382,49420,122408,178295,77974,16232,19852,117980
11/10/2013,2917004,62265,41935,8647,3315,8368,39471,13664,4453,33788,74627,6645300,10033695,469825,124744,38408,96060,227142,326200,143381,7581,40806,221554
11/11/2013,2100629,70097,45786,9216,6335,8760,38906,13705,5793,25463,57089,6974100,10033695,397991,110586,42396,65886,168656,280914,105489,17749,27972,169141
11/12/2013,1936284,68325,44349,7915,7862,8199,34605,17367,4209,26821,53984,6158400,10033695,385304,87344,66090,70957,165954,244070,84285,24591,28891,180590
11/13/2013,2799243,64093,40599,6837,7638,9019,39542,19449,4864,35670,42933,4955500,10033695,501864,112991,84655,84313,246165,306031,101837,29910,30816,284449
11/14/2013,1950581,60699,37524,6808,7798,8569,35942,18094,5326,26371,43616,5300400,10033695,382674,90571,77168,62861,166999,231908,82697,27649,25065,175752
11/15/2013,1782243,48720,29226,5381,6616,7496,46430,17530,4292,26502,61548,8545300,10033695,351915,85278,76914,61985,155757,213880,69510,27242,19962,160973
11/16/2013,2681832,54377,31952,5765,7614,9046,38886,19323,5827,34547,64117,7587000,10033695,471098,112442,95105,83082,212434,295413,104836,36331,35091,225712
11/17/2013,4970640,79034,47543,7424,9388,14679,52328,15953,8713,47226,58325,10186800,10033695,839050,183453,117594,135087,376635,515207,184561,46703,52950,390871
11/18/2013,3505627,67757,40060,6972,10467,10257,41778,35233,5077,29115,63923,6338600,10033695,649774,156793,112677,110549,251275,404997,140998,38954,44113,237537
11/19/2013,2644962,74895,44200,6618,14703,9374,44153,35111,2680,26652,67550,6620600,10033695,483491,138037,91199,90273,203168,316586,118493,32843,35984,187157
11/20/2013,2781210,76852,52621,5245,9740,9246,40826,47279,5912,28450,60789,6746300,10033695,535525,148035,100767,100773,223747,327256,115805,37330,35185,213764
11/21/2013,2634812,77164,54217,4759,9229,8959,41800,47277,8511,36841,53360,6154300,10033695,525188,157780,100433,93533,248331,349442,132340,41125,37549,235257
11/22/2013,2442915,81829,58958,5122,10017,7732,39760,44909,6491,32074,46288,6095500,10033695,524277,151992,110438,87267,215985,334023,114967,45551,36637,211183
11/23/2013,3364065,99766,68026,8000,14846,8895,41696,44396,7208,37721,51421,7281600,10033695,739581,212542,149861,111314,291197,465711,172232,63854,49371,273591
11/24/2013,7919788,157895,117568,10616,16664,13048,69403,43867,9935,63381,53519,6887000,10033695,1667999,491290,310177,234846,598051,1043387,395311,139792,103040,553999
11/25/2013,8690626,170548,130425,11352,16974,11797,71697,46925,13084,61189,73485,7847400,10033695,1806324,554312,342721,266447,631815,1104748,415856,151612,117695,604244
11/26/2013,2628184,149057,108198,15703,14485,10670,57016,29131,13305,43930,49995,6203200,10033695,526911,169677,113085,91520,261074,361587,143897,49178,40356,238485
11/27/2013,2713322,106120,75479,9086,11828,9727,54877,28669,9019,39913,74024,8339000,10033695,561387,185150,114716,95562,261376,372844,153433,49959,43036,254694
11/28/2013,2617606,84480,59316,6625,8525,10014,43620,24745,8205,26577,169435,8918300,10033695,499478,134019,86123,91264,162765,322084,129647,44108,34978,169068
11/29/2013,6355434,193369,134658,18234,19310,21167,73637,28336,13804,52489,165034,9424900,10033695,1164795,306301,203984,226481,370394,707469,298495,102206,81426,409265
11/30/2013,5772910,196354,144710,17265,18200,16180,77866,37982,18166,58577,118172,12109700,10033695,1288403,350613,189646,208454,407036,763915,322550,88661,73567,420573
12/1/2013,12026794,287515,217408,19964,27488,22655,101129,32982,20055,77418,219576,15096200,186206,2446615,689532,358731,406818,674948,1467579,618012,164664,143801,697151
12/2/2013,9431301,333521,254088,24880,30811,23742,130581,49051,28957,70985,111926,9563600,186206,1906547,594993,272416,372182,660284,1308225,560245,147420,142729,631630
12/3/2013,7146846,261946,203610,14569,23001,20766,132574,47647,24100,62716,100696,9681200,186206,1658832,540706,240264,282065,520692,1086920,454460,122251,109816,503176
12/4/2013,10808383,212772,156575,12680,20361,23157,156988,47226,20344,72811,109540,10592300,186206,2410914,738353,363632,399962,754062,1474970,601819,182231,149603,730809
12/5/2013,7891865,200950,146776,13534,19783,20857,153652,47292,14195,61498,104861,12378700,186206,1707323,542332,274344,279193,565008,1141946,475905,145765,121458,528163
12/6/2013,5694406,194526,145709,11764,19030,18023,149113,48679,8669,53726,111251,14556600,186206,1366713,439783,246730,190768,425873,934723,376604,119283,85151,401971
12/7/2013,7147791,226417,167413,15234,26565,17205,166341,48293,16345,65113,115781,16551900,186206,1742224,558769,321339,233718,542555,1179291,493561,155193,106720,505020
12/8/2013,14115805,315195,236199,23208,31732,24056,214486,55395,21908,100446,236547,18691800,186206,3165777,997135,556551,453164,1030041,2146063,883862,260269,204990,974831
12/9/2013,11034067,299975,224323,23477,30817,21359,135707,54404,27581,90220,188256,16473300,186206,2569740,826349,521017,391765,844063,1732306,719566,238425,170275,816713
12/10/2013,8557331,261562,184333,24870,32570,19788,88119,49274,25097,85547,93701,11640900,186206,1949395,641761,402225,338106,703794,1396389,610352,175569,142472,671765
12/11/2013,7960252,222755,152616,23037,29903,17199,85833,50486,21015,77287,73832,10429900,186206,1827563,591862,353886,334056,640188,1267987,540291,151226,130360,622607
12/12/2013,6840075,190318,122163,22848,29327,15981,85683,35751,21673,72886,75370,8219200,186206,1643462,580274,302514,261189,570884,1152589,491135,146264,105537,541070
12/13/2013,6403879,146799,90388,15561,26711,14139,84419,38725,18818,70039,144077,10975700,186206,1508341,538323,241890,236323,544746,1048340,452230,118085,96956,529702
12/14/2013,10199808,167815,112521,9722,28725,16847,99030,53112,17660,97262,89639,10746900,186206,2272875,772777,391514,345789,855238,1545958,732372,187501,150462,814500
12/15/2013,9260025,215470,137010,28405,32650,17405,103331,60585,19422,111534,136925,14130900,186206,2183936,899820,403849,339524,974006,1746350,840426,223733,164836,887527
12/16/2013,7126460,181804,115405,16122,33752,16524,87849,46611,21483,88609,81156,11895100,186206,1658630,662956,324562,299939,677592,1354665,636197,183890,126785,620764
12/17/2013,6859861,128605,72944,15519,25519,14623,81565,42972,21786,80331,89416,11025400,186206,1541654,639983,298236,287807,644292,1240020,589370,168526,122003,592367
12/18/2013,4969210,97646,49670,21155,14524,12297,83727,27265,16955,66462,61968,8918900,186206,1103943,459336,181063,196491,601837,883795,412342,105935,84400,584257
12/19/2013,3649939,74874,35580,17025,12486,9782,88251,21794,13161,49849,89569,13141400,186206,798102,344132,128982,155202,373636,667419,319332,75483,62629,346101
12/20/2013,2126350,55564,29837,8658,9489,7580,65391,16888,8568,35830,13672,3762100,186206,472087,203618,70881,85651,212586,388059,206147,42553,37087,192590
12/21/2013,1719808,42926,26079,1265,9209,6374,40051,15968,5726,30538,0,0,186206,419103,140011,62932,63918,175165,333210,164948,39114,28196,163872
12/22/2013,1868417,46922,30591,1430,8522,6379,39713,23392,4905,38367,0,0,186206,438704,153909,79966,73453,205524,353146,181003,47776,33879,200747
12/23/2013,1496971,63938,45961,3569,8105,6302,48449,23784,6002,41074,0,0,186206,348222,102594,61616,55569,201292,272286,128471,41967,27332,202482
12/24/2013,875319,46132,32101,4798,4936,4298,35386,38518,3447,22382,0,0,186206,213331,71968,40156,29077,110816,162057,72810,23514,17098,122228
12/25/2013,817158,27434,10210,4972,8093,4160,28294,38026,2073,24554,0,0,186206,192903,61256,50140,27355,109883,145736,64689,25357,13399,132647
12/26/2013,1654456,32829,6180,7480,12145,7023,36978,45939,4131,42881,0,0,186206,379936,111104,83012,59740,204159,292873,126615,52997,30853,205950
12/27/2013,1710818,34333,11661,6095,10166,6412,41587,46964,5013,59541,0,0,186206,357088,117588,85664,61749,263904,276021,119910,48470,29639,276663
12/28/2013,1777924,34076,13562,5962,8749,5803,31491,46300,4942,33648,0,0,186206,357817,117755,76848,62077,175099,303887,127521,49622,34892,167574
12/29/2013,2365707,49347,25799,7283,9503,6762,38536,46961,5566,40503,0,0,186206,513293,150872,110234,88359,228690,406838,160084,64318,51014,229296
12/30/2013,1513475,53272,32123,5894,9116,6139,28693,48014,6788,28413,0,0,186206,343081,105882,74195,52813,150448,274677,117220,43222,28800,152274
12/31/2013,1247454,45618,28851,5126,6867,4774,34103,45471,4302,28197,0,0,186206,272094,91218,67640,47463,140745,328467,136258,51071,38235,183048
1/1/2014,1617920,33254,12723,5998,9032,5500,8148,3802,3858,26325,0,0,445256,363060,122119,50162,66378,148124,269516,154086,30500,33108,129009
1/2/2014,1606652,31070,11710,3818,9114,6429,13138,1680,4578,28705,0,0,445256,326713,102210,27990,58619,142238,265304,133737,23761,33762,125252
1/3/2014,1392983,27552,10700,3328,7749,5776,12259,4133,3881,26756,0,0,445256,315525,99233,26361,52349,130019,250765,117210,20493,28149,113706
1/4/2014,1649384,25495,9373,3189,6726,6207,14351,4131,4508,28694,0,0,445256,318624,98990,38282,60211,138626,265346,138009,24055,34287,128785
1/5/2014,2367029,38757,20488,3314,7426,7529,19918,4117,6774,36762,0,0,445256,456291,144491,47801,80719,187889,371588,187343,28809,49800,172881
1/6/2014,2788133,37090,18854,3177,7364,7696,28177,4120,7762,40853,0,0,445256,461077,140249,53470,96706,215352,382601,206912,30931,61199,188137
1/7/2014,2012766,31139,14844,3596,6756,5942,18491,4022,8215,29997,0,0,445256,394551,126838,41399,74626,172508,312831,148255,24668,38496,157854
1/8/2014,1038058,35610,17443,6200,6654,5313,13044,3830,2727,25577,0,0,445256,199755,61225,18797,39044,92199,173063,97687,11841,24085,76850
1/9/2014,796357,35064,18152,5509,6543,4860,13844,3693,1533,20274,0,0,445256,159780,56232,13405,29002,76854,133781,69955,7253,18356,66887
1/10/2014,704205,31928,15654,6423,5298,4552,11445,2716,2650,18381,0,0,445256,145372,46961,11666,29796,72562,122043,60862,6928,13561,62159
1/11/2014,813439,34287,16665,6880,6192,4551,11388,2529,2478,19843,0,0,445256,181747,57459,13269,33146,85089,149779,75546,7644,18039,72756
1/12/2014,1222295,39867,19916,7767,6860,5323,13702,2590,2706,24954,0,0,445256,238933,65554,18012,39507,111861,211330,103589,11197,21694,98823
1/13/2014,1065739,35849,17690,6465,6337,5358,13400,4838,3189,20591,0,0,445256,198357,60182,14596,37214,93801,176433,91334,8341,21326,80800
1/14/2014,1292436,33880,15134,7605,5891,5251,14567,5070,2691,21781,0,0,445256,209491,69501,19310,40591,108882,186061,95153,10883,25913,97468
1/15/2014,1201059,32334,13447,7908,6001,4978,18366,4823,1497,28750,0,0,445256,206075,69804,18546,42828,106076,182552,108892,11323,25864,85832
1/16/2014,749619,31979,15543,7306,5057,4072,13489,3839,1485,18347,0,0,445256,149990,49654,9104,28707,87717,128032,61733,4622,14748,77082
1/17/2014,614441,28777,13006,7685,4539,3547,10165,3883,1984,15843,0,0,445256,126708,48102,10069,20744,72725,107345,49633,4851,10749,64449
1/18/2014,898472,30817,12977,8660,5131,4048,9720,3748,580,24036,0,0,445256,167560,51395,9564,27692,97232,144624,77741,4817,15260,85857
1/19/2014,1134510,38166,17183,10298,5906,4778,11375,3960,1542,26076,0,0,445256,225119,67524,15289,37026,123065,184179,88177,7447,21687,112874
1/20/2014,1012872,41041,18354,10999,6716,4971,12984,5271,3234,24716,0,0,445256,214929,75759,22452,34622,114676,176435,77801,11051,21137,99116
1/21/2014,958548,36081,16545,8070,6430,5036,13172,5817,2985,24115,0,0,445256,207736,73298,26660,40712,107801,167290,66787,12053,18560,98090
1/22/2014,1010151,31509,17786,3289,5636,4799,19654,5479,2798,24965,0,0,445256,222514,73802,34077,39464,121582,171902,63921,15772,18918,109847
1/23/2014,777712,25704,12834,4411,4005,4454,11690,5006,2889,22234,0,0,445256,151303,49255,20597,27427,97701,126984,46728,9632,14806,90217
1/24/2014,647317,23733,11230,4702,3756,4046,11863,4970,2839,22687,0,0,445256,141261,46840,18192,24526,93179,108803,45307,6861,13655,86361
1/25/2014,741372,25261,11497,5581,3996,4187,9625,4555,2109,27368,0,0,445256,156123,44967,21649,25523,112757,126870,46502,8615,12930,108604
1/26/2014,1308453,30368,14383,6236,4707,5042,12978,5026,3143,34904,0,0,445256,259451,82514,37565,46382,166722,206690,77792,14234,24268,158851
1/27/2014,1201627,32978,15853,7322,4567,5236,13838,5755,4135,31855,0,0,445256,250168,77289,36734,47587,158488,181815,68259,13979,22724,152364
1/28/2014,874730,32077,15639,7239,4051,5149,12567,5930,3450,33521,0,0,445256,167354,49483,22644,28333,132270,145084,54059,11045,15935,126589
1/29/2014,809903,30190,14620,7221,3526,4822,11895,5943,2346,36139,0,0,445256,161944,45230,24774,27545,145676,131849,47587,10448,13169,138959
1/30/2014,892482,27582,12042,6939,3549,5052,15001,5627,2631,59484,0,0,445256,171509,43158,27240,34457,218638,130722,42808,10032,16295,213939
1/31/2014,1193254,25892,10876,6671,2984,5361,19502,5382,2552,111964,0,0,445256,213532,44190,34772,47933,425117,143934,54527,10939,17324,430404
2/1/2014,887716,26734,12498,6926,3047,4262,10305,4727,2914,21237,0,0,134726,162434,49250,19818,26064,92752,145112,54797,7956,16794,74529
2/2/2014,826022,29615,14878,7147,3086,4504,11349,6835,2492,21441,0,0,134726,170776,51476,29858,34949,84650,149475,53526,12315,17594,66983
2/3/2014,1153515,36343,17867,9035,3916,5524,16078,8045,3489,24070,0,0,134726,224136,71538,34338,44754,109153,205421,69870,16415,23456,84672
2/4/2014,764560,33887,16378,8683,3774,5052,13166,4104,2925,20523,0,0,134726,149224,48530,16692,26888,76473,138813,47884,7976,15139,60208
2/5/2014,805430,34394,16172,8704,4156,5363,15380,4031,2288,23968,0,0,134726,166702,58079,19571,25328,82812,149103,55297,8484,15240,67673
2/6/2014,811568,30202,12994,8947,3309,4952,16240,3581,4176,24229,0,0,134726,163893,55539,54712,33943,79376,137288,58735,9801,18399,66338
2/7/2014,677857,25124,11112,6743,2865,4404,13498,4158,3719,19900,0,0,134726,145632,49001,27262,23366,73020,126530,42916,8538,13890,57321
2/8/2014,659150,26296,11888,7015,3047,4346,8518,5513,2098,19480,0,0,134726,154234,38916,22416,20205,72983,126605,40819,9239,11510,60248
2/9/2014,998777,31938,14590,8463,3551,5334,12740,6558,1635,25645,0,0,134726,195683,54550,27407,22596,106581,178226,57233,11919,18072,86218
2/10/2014,936346,33693,15426,8992,3711,5565,18422,7757,1962,22427,0,0,134726,198781,56371,23262,29230,98261,161241,53722,10263,15983,79132
2/11/2014,836747,30768,14803,7804,2976,5185,17428,8533,2240,20149,0,0,134726,157022,42521,23374,24501,81777,136587,42846,11128,14245,65322
2/12/2014,745810,27132,12572,7587,2422,4551,19890,7194,1658,19424,0,0,134726,138979,41937,22492,22342,73664,117674,40964,8587,12576,62352
2/13/2014,819174,27332,12972,6848,2602,4910,16836,12158,1591,23730,0,0,134726,147349,44169,27808,20024,87114,129160,39140,11449,13304,74100
2/14/2014,608589,20229,9611,4909,1862,3848,14202,10772,1096,22449,0,0,134726,114575,38591,22433,14347,73824,97323,28688,8991,10729,62812
2/15/2014,873636,22961,10888,5397,2252,4424,11783,10431,1169,41545,0,0,134726,168094,44654,26481,20909,125643,139542,40360,12003,14100,109234
2/16/2014,1152818,28122,14189,6752,2368,4813,12528,10696,1857,24399,0,0,134726,233859,67687,40430,30247,106943,197013,58657,18375,19448,86890
2/17/2014,2000259,34951,18298,8145,2765,5743,21244,10829,2541,29736,0,0,134726,392151,117052,62277,47844,163191,323960,96791,27467,33326,131241
2/18/2014,972005,33635,18183,7133,2744,5576,14771,10722,3941,20319,0,0,134726,143729,42301,30230,34482,75747,126119,53345,12951,21066,64927
2/19/2014,1063064,30438,17487,6331,2781,3839,19870,11017,4839,22438,0,0,134726,151769,52129,31088,43232,82848,142429,60535,12859,29150,70590
2/20/2014,493017,28443,16351,5572,3097,3422,13604,13798,4040,13508,0,0,134726,86144,28476,12207,15778,52873,79014,26285,4527,9313,44915
2/21/2014,507103,23421,14325,3660,2819,2617,13811,11101,1630,13758,0,0,134726,89862,31017,12471,20260,60567,81219,29232,4985,9466,49278
2/22/2014,500275,22874,12719,4246,3269,2639,11489,10890,1376,15605,0,0,134726,93065,37717,12962,18606,62579,80110,34092,5268,10418,52320
2/23/2014,701929,29011,17100,4805,3706,3400,14062,11187,1693,21044,0,0,134726,132950,46484,20661,24972,86070,118586,43912,7756,12862,70786
2/24/2014,710204,28185,16414,4552,3844,3376,18570,9836,1918,17305,0,0,134726,130738,41170,20807,23577,78307,112466,47473,9726,12627,70207
2/25/2014,722842,25942,14578,4397,3705,3262,15568,6642,1881,20228,0,0,134726,125611,45583,23320,22924,90062,112508,41309,9409,12374,80305
2/26/2014,828426,23404,14232,2564,3451,3158,15831,6405,2259,24217,0,0,134726,141033,53941,21058,32350,108932,120192,48070,8590,15509,100969
2/27/2014,687374,19078,11034,1607,3201,3237,14228,4219,2016,31413,0,0,134726,115349,44549,19186,25714,125122,92128,41568,7624,12093,117618
2/28/2014,701843,16710,8984,1673,3075,2977,15133,4785,1949,44321,0,0,134726,114964,39176,20090,23741,175016,84799,35535,6865,11397,164498
3/1/2014,613162,16815,9647,1614,2723,2831,12849,3476,1980,20138,0,0,247521,107786,44869,29127,26953,90325,91544,41055,9109,14905,82458
3/2/2014,901727,22472,13265,2458,3041,3708,19028,3557,7332,27232,0,0,247521,163146,70678,43272,45126,121890,132560,66544,12753,26939,114540
3/3/2014,884938,24915,15564,2542,3104,3705,19067,3723,5364,24467,0,0,247521,145167,57000,26684,31692,114337,126879,56421,10330,16063,105720
3/4/2014,804795,22405,12674,2525,3068,4137,15163,6664,2462,20761,0,0,247521,135155,58563,27767,32501,89791,119784,49735,9703,17671,80203
3/5/2014,1090709,21057,11286,1930,3004,4838,15351,6618,2695,20160,0,0,247521,176453,69461,24331,32426,108357,152808,58418,9955,19986,90223
3/6/2014,617819,20301,11291,1292,3010,4708,14890,7112,2100,17894,0,0,247521,104222,41174,18515,17820,78529,93135,38973,6218,10461,67588
3/7/2014,496848,17779,9638,1433,2630,4078,15873,6963,1696,15197,0,0,247521,92197,35938,15019,19800,64944,80268,33750,5206,10088,53416
3/8/2014,621021,17483,9135,1445,2685,4218,12125,5667,1562,15661,0,0,247521,120228,40762,19061,23948,66495,98010,39894,7147,11959,57776
3/9/2014,808957,21549,12218,1545,2757,5030,14922,6612,2260,20319,0,0,247521,147869,51466,24196,32525,89566,127302,52248,9055,17660,76778
3/10/2014,750770,26550,14633,2533,3862,5522,18378,9015,2503,16987,0,0,247521,139090,44624,19488,25968,81911,116213,49621,8139,14143,68510
3/11/2014,751799,23706,12713,2090,3724,5180,18607,13892,2473,17248,0,0,247521,137643,45462,21264,27446,81424,118474,45724,8142,12800,74167
3/12/2014,697866,25191,13282,2469,3701,5739,14089,11902,2528,17554,0,0,247521,130941,37799,20070,27506,76599,107235,39515,9184,15472,65181
3/13/2014,610610,23389,11799,2726,3823,5040,15491,11085,2253,17055,0,0,247521,126011,37949,20569,24295,69763,101664,34183,9382,13599,61390
3/14/2014,574164,20441,9539,1790,4628,4484,16218,11044,2167,15877,0,0,247521,121886,38253,20581,25667,66559,88598,35445,8416,11940,58639
3/15/2014,840509,22159,10409,1632,5339,4779,14099,7452,2569,19412,0,0,247521,146870,38416,26892,30868,89362,109723,43145,12104,19313,76471
3/16/2014,1134269,28910,14122,2234,6483,6070,19318,7928,6806,27594,0,0,247521,204656,63240,29013,48550,113599,176507,65981,16224,32190,95353
3/17/2014,974763,32195,16753,1998,7252,6193,16749,11809,5525,21815,0,0,247521,179513,52535,24256,34738,106973,152287,55481,13193,20045,93946
3/18/2014,975021,29807,14950,2139,7093,5625,15979,10903,3350,21940,0,0,247521,178093,53137,26253,34227,113458,161286,51963,10687,20273,96762
3/19/2014,867803,29026,16111,1675,4876,6363,12762,11736,4446,16035,0,0,247521,142935,41048,20603,34416,93489,126343,52861,10457,22484,78639
3/20/2014,674519,25878,13708,2963,3349,5859,12881,14510,4227,19016,0,0,247521,124325,38642,17596,25013,85112,107682,39470,7325,15632,73180
3/21/2014,599875,22418,11284,3284,2754,5095,12343,15119,3378,23277,0,0,247521,113648,37585,22020,26657,77084,98226,37607,10288,15429,67373
3/22/2014,708481,24024,11275,4392,2934,5422,12251,14603,2659,29623,0,0,247521,138328,32057,24322,28394,108873,122310,38283,10457,16173,93691
3/23/2014,1285053,32923,15723,5807,3767,7625,17364,15022,3644,48627,0,0,247521,219490,57648,35738,45906,168150,198706,68645,15700,26997,138092
3/24/2014,1239532,36485,17805,6471,4272,7938,22992,15339,4255,29136,0,0,247521,205992,57811,33819,39722,104816,186373,68444,16504,26375,86841
3/25/2014,1652645,34246,15230,5549,4973,8494,29096,9999,4983,40185,0,0,247521,247032,75170,41087,55000,128416,224446,88037,18805,38024,113159
3/26/2014,1498403,28410,13994,2209,4632,7574,24711,9574,5867,54645,0,0,247521,235201,57107,28427,47349,161450,202612,72325,14080,32315,138667
3/27/2014,787952,22529,10690,1565,4529,5745,18724,9564,4220,22812,0,0,247521,146803,49587,18995,24455,80099,125458,46628,8001,12897,67744
3/28/2014,741645,20439,10050,1827,3869,4693,22151,11237,2256,17418,0,0,247521,148248,49840,17023,28748,74710,117465,43345,7720,14890,67697
3/29/2014,645714,22110,9817,3792,3994,4508,14275,12882,1912,21339,0,0,247521,138544,35297,15807,23837,75203,120561,39851,6530,12388,66380
3/30/2014,1306018,30301,14191,5287,4521,6302,23202,16858,3133,43018,0,0,247521,204194,54120,41614,35104,124673,187587,74264,11654,24146,122302
3/31/2014,901642,42476,25572,5237,5647,6019,27767,26534,3211,46066,0,0,247521,184455,47501,21998,29054,126269,153408,53103,9762,17074,73838
4/1/2014,786796,37724,24887,2971,3894,5972,8595,7126,2490,12380,0,0,530326,179206,46923,23859,25877,66737,152854,45582,11251,15926,52463
4/2/2014,825493,30541,18999,2564,3913,5064,10195,3384,2404,11057,0,0,530326,183859,46691,23379,30571,67622,152631,51202,11126,15836,54209
4/3/2014,710986,30996,17361,3655,4709,5270,9574,2619,2334,10010,0,0,530326,147414,38842,18103,19347,56114,131449,43738,9688,12425,45115
4/4/2014,621124,25522,13028,3737,4203,4553,8967,3245,1979,9408,0,0,530326,139858,35518,14610,25284,54889,117828,39040,6776,13180,44528
4/5/2014,719060,23897,11579,3718,4054,4547,7690,2673,1951,9625,0,0,530326,138182,33609,16597,23396,53915,124602,43125,8542,14306,44423
4/6/2014,1035018,34818,19809,4487,4600,5923,11938,1741,2443,12794,0,0,530326,210374,53826,20270,35742,79530,194290,66183,10419,20794,62441
4/7/2014,936486,43643,27639,4142,5523,6339,12295,3740,2918,12044,0,3461200,530326,212046,54976,21636,32608,73711,182190,60423,12079,18145,56436
4/8/2014,929245,38542,23865,3455,5474,5749,11830,3492,2567,12291,0,5003400,530326,202058,57981,24134,33591,71651,176607,50805,10245,17876,55818
4/9/2014,1015608,34295,20591,2820,5540,5343,11660,5264,3078,13525,0,5204000,530326,226369,56122,24142,36230,82671,185265,50698,10776,20188,67171
4/10/2014,723155,29648,16774,2170,4605,6099,11912,6941,2867,13120,0,4577600,530326,158153,40854,18403,25104,61997,138914,40403,9155,14818,49409
4/11/2014,628595,27597,15587,2759,3912,5339,9229,5470,2215,10573,0,3778600,530326,150223,41378,16574,21724,54404,125384,37346,6504,11493,45507
4/12/2014,614206,27987,14992,4760,3353,4882,8482,5440,1612,9635,0,4308500,530326,151509,36697,17171,20571,51586,131740,36061,7687,12687,40065
4/13/2014,1106074,43451,26738,5890,4467,6355,12526,5481,2522,13880,0,3907100,530326,256056,64335,22389,33595,84537,220708,66324,11325,21478,64400
4/14/2014,1301522,53261,35509,4965,4550,8237,16914,5470,3054,16022,0,5855600,530326,309850,85285,26406,39343,98029,261154,78049,12120,25040,75278
4/15/2014,1724804,51404,35122,4249,4974,7059,22671,5458,3715,18717,0,4880900,530326,427164,124600,40865,57592,131933,340752,103772,17806,34590,101299
4/16/2014,1242638,45353,28756,4694,7231,4671,19569,4534,4268,15144,0,5855500,530326,261646,86100,25982,35554,89786,225098,74023,10124,23510,73672
4/17/2014,625558,39390,24667,4902,5560,4261,8892,5433,2657,11777,0,4601200,530326,136816,38929,17916,16829,58405,118354,38322,4818,10251,47223
4/18/2014,590544,36215,22711,4307,5177,4020,11552,5451,2015,11254,0,5020600,530326,137472,42745,18116,20303,55591,113410,43450,5096,13268,44340
4/19/2014,538547,35020,21688,4818,4843,3671,11582,5287,1759,10218,0,2782200,530326,134140,37151,11195,17416,51292,117905,37555,4619,9279,40361
4/20/2014,861877,37389,23114,4531,4891,4854,17855,5444,2059,13949,0,4811900,530326,177677,47770,17221,27555,66913,161150,56580,8306,16074,52771
4/21/2014,1305843,60961,37496,8048,8411,7006,26516,5611,4911,19320,0,7574400,530326,253839,68900,25054,43355,104653,222898,84192,11183,25113,87538
4/22/2014,1716895,60996,35564,8897,9658,6876,30050,5618,5725,22735,0,4416000,530326,268342,85815,29951,58612,129663,247125,104024,12122,35940,112916
4/23/2014,1155763,56233,32624,7763,9810,6037,19437,5625,5295,34404,0,4839100,530326,240835,76510,24456,40766,130153,208828,72928,8952,21049,108870
4/24/2014,877910,43451,24704,6177,7045,5525,16091,6424,3074,32104,0,4100900,530326,185004,58950,16720,30224,104986,169537,59263,7483,17384,85761
4/25/2014,754630,37013,20224,7344,4906,4539,13556,6463,2755,22074,0,4372900,530326,164559,55140,14512,29916,87214,141543,52922,6158,14896,72856
4/26/2014,741541,34452,18475,6897,4794,4286,11499,6137,2390,19448,0,2414200,530326,173364,44443,12256,23360,84812,152098,47485,4942,13278,69443
4/27/2014,1239841,49353,27947,9501,6075,5830,16803,5744,2742,26230,0,3954900,530326,277849,83067,18462,42424,127088,251973,85914,8016,23561,106491
4/28/2014,1335169,60620,37468,9687,6909,6556,21544,5729,3872,30149,0,6186000,530326,283810,88725,20464,45779,145774,253417,95797,8505,25246,121544
4/29/2014,1419809,58120,35888,9436,6499,6296,23700,5730,4079,40653,0,5035800,530326,309091,98006,21847,54714,181481,260010,94124,8232,26869,163816
4/30/2014,2131586,47489,27236,8912,4733,6607,31614,5734,4707,63487,0,4225900,530326,390554,112613,29209,68643,325708,331126,115678,12173,33895,289230
5/1/2014,1328341,42407,24421,8754,3723,5509,20441,7615,4880,23989,0,2281300,392902,264328,87816,19397,48394,121787,236293,92177,9342,24235,97659
5/2/2014,1057953,39035,20591,9746,3705,4992,17947,7032,4400,21403,0,3022800,392902,224773,73781,17681,43153,101343,201201,71854,8138,22346,78615
5/3/2014,1006435,41431,24392,8894,3396,4749,15654,5747,3584,19142,0,3665600,392902,227447,63045,15859,38642,93280,199445,66950,7687,21588,74133
5/4/2014,1861879,78250,47032,12064,4733,14420,23579,6459,1155,27770,0,2981200,392902,391402,112598,28203,74192,147338,363778,130634,13509,39918,118424
5/5/2014,1727858,87438,55898,16054,7087,8400,24910,6533,3296,25500,0,0,392902,372519,121484,24114,61060,136938,338099,133295,11530,30129,103861
5/6/2014,1690758,68431,38818,13941,8340,7331,24370,6524,5323,25361,0,0,392902,340438,119823,24535,61579,136338,316893,134758,12852,31821,97018
5/7/2014,1217889,54186,28763,10752,8534,6138,19261,7666,4347,19636,0,0,392902,261223,83357,16423,41329,96732,238098,87373,8059,21890,74423
5/8/2014,1013493,47195,24499,9523,7463,5711,17837,7619,3679,17661,0,0,392902,238796,82418,15838,41800,85779,211840,71240,6410,19955,66792
5/9/2014,860579,41771,23140,6967,6768,4895,16748,6765,3348,17276,0,0,392902,186733,63891,14456,34449,89528,165671,60949,6102,16443,78903
5/10/2014,1011724,39220,24673,4101,5824,4622,13565,6526,3195,20514,0,0,392902,176016,46270,17047,32292,90093,172832,65586,6427,18990,80302
5/11/2014,1153005,43499,27970,4289,5918,5323,15266,7596,3225,19280,0,0,392902,216826,60026,16908,33460,103441,202975,74703,5931,20414,89767
5/12/2014,1160785,55178,34650,8571,6274,5683,19334,7521,3557,18342,0,0,392902,254523,63223,15418,40317,104984,225218,73332,7118,19936,87794
5/13/2014,1114566,41630,23253,7896,5548,4932,17650,7493,3502,17444,0,0,392902,242886,76687,16692,42175,101033,210824,74252,6223,21275,85922
5/14/2014,973375,29193,13843,5683,4239,5429,14387,3154,1325,18096,0,0,392902,191713,52285,11556,32296,97156,175885,55701,4111,15180,79689
5/15/2014,936616,25620,13756,3346,3446,5071,14086,0,539,20337,0,0,392902,179617,50342,7826,31785,110623,170844,59119,1890,15320,89974
5/16/2014,748401,26495,16738,2833,2262,4662,14326,2155,650,19823,0,0,392902,151402,37698,9640,21369,96318,137588,43633,3122,12130,79517
5/17/2014,693311,25458,17481,2694,1443,3839,12802,2127,1632,19655,0,0,392902,145618,37329,12754,23846,88714,127700,42383,3966,12244,71129
5/18/2014,1075333,34718,24442,3384,1788,5103,17905,2078,2317,31966,0,0,392902,212916,41078,15359,33751,129075,189572,54250,4322,20080,106021
5/19/2014,1138748,29591,17635,3850,2186,5920,17924,2179,3084,26773,37999,3786700,392902,228603,50939,11904,34575,129505,198168,62053,5498,19403,104991
5/20/2014,1078684,20494,9029,4172,2118,5175,15626,5628,2858,17809,44700,4305300,392902,203761,55804,14104,41417,102072,188926,63559,5288,18883,84605
5/21/2014,1432835,19124,8032,3963,2320,4809,14814,5441,3040,18885,36796,4189800,392902,251122,61153,16095,47857,123936,220344,70753,6277,22728,103936
5/22/2014,786240,17966,7891,3416,2216,4443,12110,3316,3001,17118,46377,4530100,392902,154443,45940,10349,23782,85125,137356,45277,4051,14052,68708
5/23/2014,653091,16246,7577,2888,2051,3729,9821,6908,1695,14838,34606,4141500,392902,135373,44148,8542,19353,72821,113282,38748,3620,10508,62062
5/24/2014,551462,13299,5946,2403,1925,3025,8069,6681,1346,14848,39152,4251600,392902,113361,32152,10675,15683,68215,99951,32274,3687,8672,57549
5/25/2014,597027,14592,6498,2828,1869,3398,8976,6569,1652,17019,62516,6695500,392902,117931,34422,10570,21144,77662,104329,34717,4428,11096,66078
5/26/2014,1091622,20295,9572,3380,2339,5004,13853,6515,2854,26971,62521,9888600,392902,191627,53609,17694,36199,127377,162619,60670,7516,21300,113976
5/27/2014,1277534,24126,11598,4010,2901,5616,16888,6571,4045,24108,52843,4883800,392902,226954,59948,21346,45071,118873,195060,68796,7796,24957,101877
5/28/2014,1762068,24714,11110,4396,2842,6366,23737,6526,5412,54780,34679,4462000,392902,278182,82021,22990,54342,198246,232446,86758,9450,29581,168953
5/29/2014,1143485,23782,10693,5556,2107,5427,16297,8085,4813,46142,57697,5346400,392902,203821,62442,19001,40701,164938,174538,60999,7319,21909,140356
5/30/2014,849646,20216,8560,5231,1875,4551,14864,9758,3007,38412,22717,2719200,392902,158446,48223,13063,27840,135383,132973,44550,4490,13900,119556
5/31/2014,841675,18683,8088,4692,1692,4211,14431,9889,1958,42983,35482,4519500,392902,158045,41159,12398,26481,151382,126516,43178,5010,14351,133824
6/1/2014,1074914,24539,11830,5490,2436,4783,14834,11382,2061,29350,35927,3613800,214288,197312,57157,16479,31234,123979,174720,60684,6213,17415,106258
6/2/2014,1181347,29595,13872,6083,3580,6060,17549,10757,2752,31956,65400,6102900,214288,220893,65571,20220,34438,140424,199104,67687,9466,20018,119368
6/3/2014,1235639,24716,9919,5682,3569,5546,16527,9235,3116,31926,43076,4772700,214288,231311,68468,28100,40083,139317,202858,74466,12685,20241,121081
6/4/2014,1659016,24585,9359,6034,3746,5445,18487,8562,3270,36013,29116,3396800,214288,267525,80792,29781,54956,184529,240628,86039,12495,26579,155918
6/5/2014,1254350,22247,7953,5960,3459,4874,25553,6683,3340,31630,24836,3333600,214288,182315,68141,23218,38954,151117,178367,69492,9857,18767,128759
6/6/2014,912872,17815,6488,4552,2860,3914,17384,5939,1002,27593,29102,4689800,214288,156990,56435,17328,33722,111116,135920,56673,8060,15852,96713
6/7/2014,775589,15736,5898,3755,2696,3386,11026,5588,1356,22963,24908,3283100,214288,135555,50831,20171,29481,95523,113193,47642,7648,13926,84676
6/8/2014,1325784,21456,8015,5280,3666,4496,16647,5956,3053,37247,23868,3219400,214288,223880,78878,32367,54118,163628,183323,80330,12151,23950,145500
6/9/2014,1646697,28479,10918,6727,4953,5882,22933,6192,3818,48818,0,0,214288,239147,79364,28852,46468,232783,231697,101644,14287,25530,200722
6/10/2014,1460880,25406,10191,5999,4242,4974,18811,6264,3925,31640,0,0,214288,218862,82976,26582,49896,147628,213353,94938,13524,23372,119962
6/11/2014,1077486,24102,10441,5779,3746,4137,14317,4541,3377,26280,0,0,214288,161755,58712,22082,33842,118872,157507,61306,10060,17252,95855
6/12/2014,872962,21760,10033,4856,3325,3546,13309,3731,2744,22844,0,0,214288,140173,48866,17617,30793,97081,131237,53761,7869,15663,82590
6/13/2014,789068,18428,6650,5256,2979,3543,13263,7526,2657,21018,0,0,214288,126361,45470,17100,27191,88168,115236,42296,8018,15391,74057
6/14/2014,722011,16502,5745,4828,2442,3487,11074,7464,1998,17711,0,0,214288,119830,38253,15027,20348,76814,102810,39601,7118,12208,64452
6/15/2014,1403231,20640,6864,5866,2779,5131,18006,7555,535,27859,0,0,214288,179487,48544,31788,36290,118810,166803,57204,10299,24129,109034
6/16/2014,1308373,25937,11284,6406,3072,5175,16440,11141,1814,24019,0,0,214288,216963,62225,24082,35923,131163,191413,63523,10716,19697,110444
6/17/2014,1575681,22747,10519,4593,2853,4782,15213,11565,3049,26428,0,0,214288,291642,78140,34256,46596,158103,226994,81888,15250,28289,132270
6/18/2014,669134,22180,9711,5342,2195,4932,13002,12314,3062,18994,0,0,214288,107652,35099,13079,20641,80357,100976,38247,5244,11313,68025
6/19/2014,639659,19397,8180,4357,1780,5080,12853,11774,2040,23288,0,0,214288,108992,36145,10740,22766,93472,96964,35855,4290,12341,82580
6/20/2014,555210,15960,6540,3543,1381,4496,12658,11541,2006,22232,0,0,214288,91595,30968,12432,21386,84922,80972,33523,4842,10402,76634
6/21/2014,673769,14070,5602,2732,1259,4477,12074,11640,2453,21314,0,0,214288,98928,29967,14022,27286,91796,84231,31423,4713,12762,82402
6/22/2014,1117647,18323,6726,4013,1736,5848,15724,12912,3309,31522,0,0,214288,141290,41733,20211,33335,150382,125264,47576,7111,18898,137816
6/23/2014,1038765,23027,10510,4024,1790,6702,18122,13972,3736,33565,0,0,214288,162294,50441,18057,33465,162906,138391,52109,6933,16351,146351
6/24/2014,1204031,22492,9171,4412,1976,6933,17666,14184,2738,40742,0,0,214288,169586,54666,22027,42825,182808,146646,53437,7793,26922,156807
6/25/2014,1286696,21521,8798,4040,2056,6628,23283,14512,3024,59884,0,0,214288,186365,52577,23687,39266,256592,158114,56375,8080,20724,225985
6/26/2014,732522,17752,6764,4189,1604,5195,11765,8299,3009,28422,0,0,214288,111755,33538,14623,28083,120483,98052,38260,6062,11834,110718
6/27/2014,572581,15610,5716,3915,1689,4290,10231,11876,1945,15243,0,0,214288,100583,33393,12666,19790,75729,87108,32044,4787,9188,69192
6/28/2014,746781,14694,4742,3392,2562,3997,9481,9528,2309,19399,0,0,214288,95164,30392,19147,23106,110100,86431,36850,5844,12262,104028
6/29/2014,838270,20752,7399,5359,3193,4802,12223,21707,3035,18165,0,0,214288,116763,41935,20162,26684,86582,114192,44041,7207,16784,76171
6/30/2014,920564,22604,8014,5475,3718,5397,14753,22461,3077,23041,0,0,214288,137422,44281,18121,31919,108439,95910,37117,6475,12745,83130
7/1/2014,803707,22274,7026,3995,7627,3626,13404,3536,2975,16038,0,0,339509,130167,24621,11893,30422,80188,126292,31182,6306,14915,67759
7/2/2014,700697,22271,7174,4041,7742,3315,13847,6068,2302,11812,0,0,339509,118558,46331,12322,20560,60742,110117,43157,5365,11632,52754
7/3/2014,569178,16597,5045,3500,5412,2640,12856,6434,1948,10406,0,0,339509,103015,39659,12231,16020,56728,91027,37278,5905,8979,46652
7/4/2014,434394,12393,3424,3030,3954,1985,9577,5780,1482,8088,0,0,339509,81706,27345,11676,14211,41936,76304,23412,5493,7707,35438
7/5/2014,480966,20396,9840,3353,5107,2096,11086,5912,1576,9174,0,0,339509,91662,27389,11802,14235,49681,79954,28756,6105,7665,39848
7/6/2014,983491,30152,15599,4679,6628,3247,13592,6096,2429,14277,0,0,339509,155745,51242,26491,29090,74708,141992,51049,12278,16493,63229
7/7/2014,1144905,36765,16881,7615,8333,3936,17226,6764,3068,15381,0,0,339509,177644,68565,29960,35189,82382,160962,60212,13862,21588,69701
7/8/2014,1522103,31433,13248,7409,6807,3970,20183,7455,3464,17709,0,0,339509,202687,69485,35056,46117,99433,184110,77845,16271,29503,89226
7/9/2014,908611,23889,8768,6860,4992,3269,14971,7478,3276,13063,0,0,339509,170087,53405,23543,32241,77228,148635,48894,10282,18105,65274
7/10/2014,757275,22823,7989,6898,4795,3141,14033,6501,2502,12524,0,0,339509,127784,44101,18615,21437,62518,114472,40913,9330,12642,53979
7/11/2014,629863,18666,5750,6053,4257,2606,11317,6067,2124,10662,0,0,339509,108507,38947,15501,19426,56734,100350,33912,6938,10981,46627
7/12/2014,788236,17347,4853,5549,4529,2417,10958,6840,2652,13163,0,0,339509,105937,32889,20573,20699,58167,103821,36681,7590,14998,52748
7/13/2014,1095288,24989,8368,6547,7137,2936,13042,6985,3910,16367,0,0,339509,157092,50420,29060,34622,81004,144385,55765,12224,20542,73052
7/14/2014,1368412,36731,15130,7923,10077,3600,13344,7564,3700,15071,0,0,339509,215755,65592,27916,35533,93752,193731,69033,13941,22410,79198
7/15/2014,1626737,38156,18133,7857,8659,3507,15011,7111,5192,16148,0,0,339509,287564,87596,35331,43171,114108,234345,77851,14906,29299,98233
7/16/2014,667429,32027,13635,7592,7750,3049,13564,6326,2217,12898,0,0,339509,118436,38456,16441,17039,63075,105133,36670,8374,11500,53002
7/17/2014,592559,22357,6848,6408,6221,2879,12187,5484,2933,11447,0,0,339509,110018,40874,22797,18780,55912,95743,35991,6731,10302,47370
7/18/2014,554223,16452,3568,5154,4938,2792,12166,6836,2818,10662,0,0,339509,108121,36003,21404,14156,57571,90212,35433,7770,8283,50390
7/19/2014,715233,14292,2793,4119,4455,2925,10147,6380,3487,14012,0,0,339509,111707,35253,20696,17050,62355,96712,45033,7019,12328,52188
7/20/2014,992606,19471,3699,6932,4950,3890,12672,6691,4740,15546,0,0,339509,155451,44723,28280,21372,85110,140215,54855,10922,14508,70188
7/21/2014,930554,23406,6374,7232,5506,4295,13018,7031,5577,15153,0,0,339509,168480,50946,22300,24786,84831,142713,52720,10204,13907,71466
7/22/2014,1230934,22361,5479,7059,5604,4219,16596,6769,7458,15719,0,0,339509,198756,59324,32173,28764,101330,176911,58999,14056,18188,87347
7/23/2014,782089,23740,9693,4863,5434,3750,14966,8758,6378,14770,0,0,339509,140850,42634,20038,21322,74945,124003,45171,9571,13573,62856
7/24/2014,650221,19346,5350,4762,5747,3486,13372,7983,3871,14980,0,0,339509,120165,42981,21765,17847,70982,102857,38404,11366,10692,60652
7/25/2014,622837,13448,2373,3109,4801,3166,10104,8054,2457,13556,0,0,339509,117226,39278,17069,15621,65662,96404,37263,7341,9760,56517
7/26/2014,598350,16311,3977,4120,5292,2922,10725,7663,1997,15354,0,0,339509,122499,35087,17906,15258,74039,101821,32235,8520,10213,64869
7/27/2014,911510,21477,5631,5036,6990,3821,13666,7848,2793,21333,0,0,339509,181637,60623,30871,23498,108447,148974,50835,13322,13602,97004
7/28/2014,1306663,26832,7879,5930,8462,4562,16822,8677,3831,23651,0,0,339509,245409,74483,38661,32064,138954,205522,69309,19508,19229,125899
7/29/2014,1783670,25306,7252,6025,7451,4579,19779,8478,5616,38531,0,0,339509,327079,105131,52066,45181,214587,269886,92933,22073,25925,186954
7/30/2014,1248012,26515,9297,6460,6506,4251,15000,8249,3552,41169,0,0,339509,214365,62363,37034,30451,187119,175342,60495,15348,18601,172113
7/31/2014,969107,26101,12179,6047,3725,4150,20340,8615,2803,63789,0,0,339509,143936,36704,25073,23839,261545,112443,42540,8796,11032,245783
8/1/2014,584679,22377,8873,6245,3788,3472,13020,8845,2907,28281,0,0,491716,108662,38043,15176,15415,77331,98904,32424,8230,9288,68147
8/2/2014,536764,16589,4397,5513,3661,3017,12015,7895,2320,19075,0,0,491716,103780,32548,16249,14497,57323,92558,28343,8196,8916,48604
8/3/2014,870515,20875,4942,7308,4648,3976,16421,8307,3178,23620,0,0,491716,148020,43636,25336,21605,82147,132368,39834,13846,13210,68211
8/4/2014,970486,21358,4994,7354,4819,4192,16626,9409,2621,26477,0,0,491716,147165,50035,24738,23065,88764,141810,47538,14357,13402,72611
8/5/2014,826515,17327,3293,5972,4161,3901,12236,9378,1974,24053,0,0,491716,149332,43589,24414,19405,80641,128498,36977,12040,12325,65282
8/6/2014,862425,18028,4878,5450,3853,3847,16406,9197,2849,24125,0,0,491716,155023,52795,26276,24020,84498,133291,38074,12180,15118,74243
8/7/2014,705316,17640,5652,4712,3749,3526,12765,8433,3256,26102,0,0,491716,121318,41367,18342,16291,86224,110049,32906,9393,10537,70584
8/8/2014,610542,18314,7182,3955,4080,3097,13928,7357,2765,22408,0,0,491716,113951,37330,16639,16013,70610,99220,27986,7394,9764,61163
8/9/2014,829660,18876,5637,4210,5725,3304,14684,8239,3573,27545,0,0,491716,122806,40153,24131,19035,85783,111711,37698,12830,13082,74627
8/10/2014,1387641,25538,9823,5509,5649,4557,19959,8855,5704,42796,0,0,491716,198474,59628,37110,29257,133643,176258,54503,19784,21755,116301
8/11/2014,834204,28905,10220,6558,7694,4432,15541,8989,4754,25034,0,0,491716,172699,53019,27773,14178,87267,140619,43202,13550,9748,72252
8/12/2014,842065,25064,7947,5750,7459,3908,12909,8760,3459,23606,0,0,491716,168884,54964,30079,12421,81848,136056,40082,12974,9063,71128
8/13/2014,1208915,22721,6221,6446,6580,3473,17196,8143,4507,26535,0,0,491716,204080,63066,34654,16207,100650,175655,51644,15910,14199,85774
8/14/2014,635840,20546,5523,5314,6825,2884,13371,9795,3017,22307,0,0,491716,107967,48736,18271,9686,71074,99339,40799,9853,7796,59332
8/15/2014,530537,16580,4429,3797,5894,2460,15540,8595,2320,19465,0,0,491716,102258,36646,14210,5450,59787,90439,28174,7858,5753,50455
8/16/2014,635037,17832,4354,4197,6381,2900,15385,8386,2302,21153,0,0,491716,89238,29656,21156,7674,63304,83771,31096,8949,7808,52643
8/17/2014,922445,22839,6066,5560,8037,3176,18103,9492,3429,29594,0,0,491716,144248,50953,28629,10744,102482,131699,44381,12940,10003,85094
8/18/2014,810202,26049,7335,6461,8635,3617,19088,9752,6688,24096,0,0,491716,136562,53304,25669,9242,81445,120971,49342,16022,8477,68326
8/19/2014,727313,22819,6420,5666,7356,3377,17498,9865,10188,21643,0,0,491716,129903,47680,22153,8723,78066,113569,45833,13938,6883,64893
8/20/2014,918781,20831,5155,5274,6857,3545,16685,9420,11303,31614,0,0,491716,144167,47759,24225,11277,109911,131994,36263,12385,9005,92034
8/21/2014,720881,21974,5277,7131,6210,3356,13651,9382,10312,30777,0,0,491716,123353,40591,20285,8617,91610,109441,30894,9876,7562,79718
8/22/2014,615797,20523,6028,6018,5698,2779,15310,9295,9412,24428,0,0,491716,112347,35746,21279,7210,81931,99320,25250,11133,5381,68884
8/23/2014,718282,23738,9477,5807,5568,2886,17082,8456,10127,29781,0,0,491716,123251,35071,26023,9204,93667,105403,29231,11339,6962,82756
8/24/2014,943360,29067,12307,6434,6899,3426,17320,9394,13110,30474,0,0,491716,166896,50286,35341,10962,120645,148129,41739,14514,7775,102849
8/25/2014,844163,30538,11752,7090,8028,3668,14554,9738,11810,29031,0,0,491716,157073,41472,25305,10596,101528,135518,36906,12571,7434,84398
8/26/2014,785961,28226,8801,6886,9014,3525,21147,9792,7572,30705,0,0,491716,144315,40923,21931,8883,103233,123938,33029,11353,6513,89426
8/27/2014,830898,26740,6833,6808,9424,3675,18748,10375,2890,30964,0,0,491716,155770,42122,26984,10456,109568,123755,35070,13963,9136,98506
8/28/2014,721355,25046,6157,5371,10326,3191,20464,9322,2709,28237,0,0,491716,130320,37953,19988,9554,96663,107869,33578,11786,6252,84945
8/29/2014,715912,24630,7037,4262,10710,2620,22084,10520,2168,28540,0,0,491716,135610,35186,23533,9399,99870,109763,28919,9777,6838,89344
8/30/2014,742892,29807,10750,5145,11321,2591,24224,9870,2239,31368,0,0,491716,148685,40945,23514,11367,106097,117653,30685,11166,8480,98928
8/31/2014,1146359,37053,14042,7295,12683,3032,25348,10068,3087,48972,0,0,491716,205208,57290,33513,14067,174174,164604,46842,15799,9424,165396
9/1/2014,1910032,46225,19696,9863,12466,4200,30337,16974,5118,29492,0,0,507675,380239,110255,56429,23008,192893,305836,77626,27312,16505,169098
9/2/2014,2004097,47720,20003,10788,12018,4911,30540,18481,6040,30073,0,0,507675,354344,103967,61682,25279,182942,281855,82579,30956,18009,169131
9/3/2014,1692767,46069,17225,11935,11946,4964,36564,19798,6209,30443,0,0,507675,250015,79517,43390,20296,148397,217528,73822,25378,16059,134827
9/4/2014,688387,41573,16588,9729,10792,4464,28674,18090,3808,19394,0,0,507675,114454,34056,17410,18935,83751,97773,25612,6797,10077,77423
9/5/2014,600720,32417,12534,6588,9203,4092,28931,16937,12995,17429,0,0,507675,101056,35740,15337,18384,74506,87838,25651,6035,9793,73156
9/6/2014,864576,27118,10197,4911,7756,4253,26870,16212,3687,19827,0,0,507675,122284,34724,21726,23190,86177,107838,31349,8463,12283,89163
9/7/2014,1157868,33431,13292,4955,10201,4982,29257,16787,5210,25795,0,0,507675,158687,47029,32031,36980,117386,141482,42204,12834,18885,123273
9/8/2014,1021305,38252,16700,5544,10213,5795,32073,14944,4780,27506,0,0,507675,156804,45611,23034,29130,112841,136274,39865,10144,16409,111229
9/9/2014,1118547,33557,14840,5446,7950,5321,32133,14374,4703,28024,0,0,507675,179606,48216,27788,33732,113894,148765,45988,12862,17402,116396
9/10/2014,1490976,32828,13083,6087,7699,5958,34164,12984,8152,29809,0,0,507675,207222,59016,34648,41406,130496,182537,60170,17471,23785,131304
9/11/2014,1388041,27926,10419,5473,6960,5074,33047,12429,6314,29461,0,0,507675,197517,52255,28452,37790,128049,162992,55877,14418,22005,123446
9/12/2014,708147,30053,9017,7344,9722,3970,25694,15692,3952,19669,0,0,507675,120582,31123,29007,24654,89751,99161,33244,12048,24090,95466
9/13/2014,892514,38090,10881,9152,14024,4033,31408,15849,3269,28499,0,0,507675,140309,36495,25154,30575,110730,115073,33993,11853,15477,113090
9/14/2014,1173623,45067,15343,10256,14715,4753,62871,16465,4069,38703,0,0,507675,190322,65495,33757,40719,164968,152291,54576,13661,18846,175880
9/15/2014,916896,40363,17145,10537,7675,5007,28502,13048,3133,32820,0,0,507675,167166,42906,22129,27764,141890,139941,39367,11541,11271,150671
9/16/2014,812812,38664,16483,9362,8252,4566,33454,13862,3688,22320,0,0,507675,163373,40439,20469,27134,108230,127178,36182,9675,11050,108031
9/17/2014,796763,37033,15426,7660,9293,4654,37100,13460,3139,29746,0,0,507675,130343,35308,20246,21004,112848,112937,35864,9242,9636,113098
9/18/2014,707843,36058,13352,6046,12919,3742,27964,13215,3632,36886,0,0,507675,124830,30171,19615,19985,113072,107501,30484,10570,9476,112857
9/19/2014,625427,25868,8612,5568,8236,3453,21998,9825,3471,25520,0,0,507675,119411,31203,19357,18241,95285,95327,28161,9447,7941,96351
9/20/2014,893604,21541,6583,5315,6073,3571,23269,8811,4302,30369,0,0,507675,119199,26568,26850,19610,102537,112093,34164,10457,11759,114308
9/21/2014,1249014,25827,9041,6623,5780,4382,26365,9330,6202,40034,0,0,507675,187938,45538,31858,30374,156761,154705,47896,13946,16641,170227
9/22/2014,1019402,31719,9989,7469,9656,4605,26413,9641,5627,35809,0,0,507675,203922,38203,22081,21417,146793,146215,41159,13912,10973,144975
9/23/2014,1077434,36831,8725,8053,15710,4343,33308,9257,5505,37731,0,0,507675,193240,44034,26922,32926,165936,157251,42001,14665,14075,171681
9/24/2014,1500961,31829,9369,8128,10307,4025,31174,9146,6746,36580,0,0,507675,267611,62309,29140,39291,176243,206199,51610,15405,22249,184200
9/25/2014,757711,30925,11407,8090,7679,3749,25883,9965,4809,37721,0,0,507675,143434,33616,13092,19470,127905,118604,31933,7565,9711,130422
9/26/2014,722196,27326,9393,7300,6845,3788,22412,12232,3440,44471,0,0,507675,142052,31877,15306,16230,148129,108693,30383,8117,7758,152571
9/27/2014,1082173,28699,11506,6881,6678,3634,25318,11364,10040,47523,0,0,507675,164649,31085,24268,26257,167206,135113,35562,9682,13297,178545
9/28/2014,2000605,48895,20715,10189,13228,4764,33188,16080,8160,52699,0,0,507675,349340,65536,43329,42113,228170,273533,67839,22466,21800,235250
9/29/2014,818514,44067,15489,12506,10944,5128,78877,19531,5406,50143,0,0,507675,146945,26515,19492,20454,160320,122522,31140,12517,8566,157113
9/30/2014,1020953,31066,7145,10427,8142,5353,35254,18964,5701,110744,0,0,507675,177063,29931,25057,28661,299586,129920,29923,12042,10140,307013
10/1/2014,770046,25276,5384,8657,7254,3981,18378,13923,4767,26693,0,0,437344,161411,30571,20854,21516,105577,132259,31719,12837,10347,98542
10/2/2014,829859,24412,5335,7733,7376,3968,21559,13149,4298,27534,0,0,437344,141981,31944,17572,23360,100518,119739,32945,11231,12108,93035
10/3/2014,634431,19956,4200,6198,5948,3610,22111,14353,2963,21245,0,0,437344,119835,34464,18613,28137,76263,107659,26775,8786,9013,70574
10/4/2014,671547,20481,4356,6110,6586,3429,25697,12243,2635,21537,0,0,437344,140009,30175,17768,17522,80979,118248,26514,8321,7767,75779
10/5/2014,918275,26438,8590,6643,7297,3908,24921,12464,3801,24158,0,0,437344,194331,44000,23610,23395,91687,164654,37023,12506,13130,87930
10/6/2014,1040688,31170,11733,5912,8993,4532,28850,13889,3172,25461,0,0,437344,202538,47207,26052,28328,96584,168342,33842,12173,14104,92438
10/7/2014,1186680,26228,7378,5989,8510,4351,27678,13918,2484,23389,0,0,437344,247872,71054,29783,30908,101440,201282,39627,12388,15741,98879
10/8/2014,1587418,26745,6800,6523,8845,4577,28590,13541,4493,26323,0,0,437344,319044,82011,40857,45664,130901,246244,46530,16945,22126,130321
10/9/2014,601943,24168,5507,7052,7629,3981,22289,13319,1818,22356,0,0,437344,117212,29112,14502,19179,65458,102562,23938,7019,10414,65861
10/10/2014,543002,22206,5894,5762,6569,3981,20035,12270,1103,19756,0,0,437344,106090,30468,12544,14583,59311,92064,23105,5830,7117,59861
10/11/2014,978890,24849,7014,7051,6423,4362,25902,11336,2569,25789,0,0,437344,134779,30114,27075,23348,87426,130387,32892,11000,14906,88145
10/12/2014,1226288,33707,12689,7446,8715,4857,28508,12048,3562,29385,0,0,437344,190580,40517,32347,31051,116057,179871,42726,13419,18813,112846
10/13/2014,992336,43136,20012,8565,9137,5422,24409,13110,2500,26102,0,0,437344,186732,53329,20686,26275,99110,173580,42001,10017,12842,94759
10/14/2014,931508,39399,17946,7882,8801,4770,31686,12240,2560,28417,0,0,437344,173639,51051,25581,26718,100674,152805,37037,11150,12239,96317
10/15/2014,1108423,32750,12803,6704,8714,4529,18669,11332,1836,31223,0,0,437344,200777,38967,21268,30105,115628,177208,34971,11523,14524,112350
10/16/2014,686668,25313,9128,4422,7178,4586,11408,9915,1810,25632,0,0,437344,120154,3141,5601,20797,73046,109923,10622,10881,10104,71136
10/17/2014,584442,19558,5692,4048,5418,4400,19402,10857,4003,23410,0,0,437344,105999,2488,5521,20247,67312,95210,5411,3999,10211,68022
10/18/2014,747455,19182,6723,3856,4378,4226,30337,7728,5017,24599,0,0,437344,124898,4534,22661,27067,81871,110770,8802,7460,13088,84589
10/19/2014,1094025,24753,11693,3638,4461,4961,30423,7413,8521,29827,0,0,437344,187397,5874,24261,40566,123826,163935,11496,7537,22243,126375
10/20/2014,1116631,28918,13863,4420,4783,5853,28407,9248,9158,29841,0,0,437344,188637,7375,19733,37353,115820,167737,12413,9558,18435,118045
10/21/2014,1048190,29649,15038,4541,4909,5161,24161,8385,6438,29635,0,0,437344,174960,8650,10326,30306,98915,164964,8785,8156,14713,93655
10/22/2014,892236,32404,18669,4583,4180,4972,23488,7994,4919,27541,0,0,437344,172098,31151,18917,28052,89391,143274,26933,8260,14564,84427
10/23/2014,860322,39990,25249,4662,5437,4642,23479,9276,3356,27334,0,0,437344,161937,48436,22200,27269,88822,135327,36477,9438,13382,86478
10/24/2014,807315,33694,19690,3640,5984,4380,22586,9183,3334,24984,0,0,437344,160362,43102,23935,22748,81357,137034,33106,10399,11020,79685
10/25/2014,1001081,38191,21796,5187,7193,4015,23588,8084,3325,26814,0,0,437344,189238,39580,25438,28282,96343,158288,35139,11558,13004,96557
10/26/2014,1601186,60371,36344,7791,11212,5024,23621,11959,5750,31038,0,0,437344,317867,75518,40606,48214,139900,256869,62484,17308,24455,134913
10/27/2014,2260675,77435,47641,8577,15255,5961,26992,13190,7999,31187,0,0,437344,411120,95806,50379,69712,163544,346622,82752,23391,34312,157627
10/28/2014,2802268,68186,40499,7998,14597,5092,27889,13098,10600,29542,0,0,437344,554930,131055,73895,82051,212834,442045,100220,32116,39671,209328
10/29/2014,910160,50175,24422,7926,13225,4603,22436,13733,4564,25048,0,0,437344,160327,48450,23079,25874,104850,139339,38474,10286,13405,103567
10/30/2014,998797,41531,17132,6664,12959,4776,27190,11096,2599,27291,0,0,437344,168185,43606,22615,30969,131456,145462,40821,10509,16964,126219
10/31/2014,1074737,32192,13013,5336,9907,3936,24254,8933,2601,32505,0,0,437344,174201,46943,23954,35167,172441,141861,40680,9359,18080,171891
11/1/2014,2034622,49074,20168,8023,15138,5745,40095,4185,4169,37926,0,0,8427459,333349,76159,45033,57789,195026,257348,67931,18336,28625,211631
11/2/2014,3464160,65095,28482,9858,19794,6960,46763,5444,7257,62950,0,0,8427459,574402,158730,64085,96046,341125,460041,127974,27341,47186,347445
11/3/2014,1318273,69475,35996,9136,18364,5979,29491,7512,3945,33490,56083,4007000,8427459,219387,59377,27678,44416,147559,186497,57347,15101,20349,154017
11/4/2014,1374864,42676,17387,8772,10528,5988,29026,7121,3876,33942,60876,5775900,8427459,245914,70879,36111,41278,155875,192534,58362,14916,16623,178306
11/5/2014,1391015,44125,19112,10035,9061,5918,44429,7877,3090,36793,43288,4021600,8427459,244312,70231,29181,37233,181513,192813,53782,12525,17340,199012
11/6/2014,1295817,42435,19529,8406,8779,5721,41135,7864,3182,26763,43187,3643000,8427459,250952,78287,33298,37358,117016,197523,62254,14674,18124,132486
11/7/2014,1476058,47124,25019,7408,9451,5246,37304,9121,3215,28594,40914,5046200,8427459,256549,80288,37377,42597,145775,206792,65475,16925,19277,158439
11/8/2014,2122006,57159,33480,8042,9910,5727,47682,9013,4317,40501,154997,13636200,8427459,409462,105819,51225,61256,222196,303780,86135,21357,27561,247888
11/9/2014,5273129,81088,50362,10019,12841,7867,51813,9556,10636,82657,110646,11314500,8427459,954055,251986,119276,135132,525892,699039,197621,50944,61411,572472
11/10/2014,1566969,82103,49073,10949,14906,7175,35262,14762,4932,34203,45431,3731700,8427459,306259,91036,36337,41494,126246,240568,68570,16461,19082,206879
11/11/2014,2566433,82831,45317,12559,17284,7671,37051,16817,6871,31146,50556,3856100,8427459,429433,117553,57340,72622,219313,345022,97797,23325,27676,285273
11/12/2014,1668142,73294,39206,10970,16152,6966,34402,15658,5372,27100,53492,3660500,8427459,307498,95503,49980,51156,148863,231451,71260,20299,19615,228477
11/13/2014,1760002,61293,30314,8864,14990,7124,45712,18416,5260,31866,66280,4943500,8427459,353317,94983,55838,49013,144720,236339,70126,17917,18196,233017
11/14/2014,1899168,63719,33299,7963,15158,7298,42142,20098,5371,35873,55853,5368000,8427459,383485,93066,62575,55387,160653,225601,71653,19642,15954,260234
11/15/2014,3272902,73655,40708,8799,15706,8442,49858,37410,8867,68283,137513,11745300,8427459,545065,111533,98879,95439,257973,332661,106049,29994,32790,402829
11/16/2014,5807161,132201,90017,11575,19931,10677,33756,47164,15139,33636,101222,11118500,8427459,1114332,234268,209649,180566,363502,632410,203038,61365,54801,466420
11/17/2014,3365260,131548,90298,12677,18531,10041,33359,53496,9584,23560,93286,6755000,8427459,649312,156772,121444,92890,218364,451927,135011,44947,37092,245393
11/18/2014,3533109,101251,65218,10038,17162,8833,36941,43832,9230,32027,83197,5569000,8427459,710235,181995,140711,107285,239403,477201,139488,53327,36437,273299
11/19/2014,6012588,110015,74453,10563,15375,9623,39751,45329,15596,34563,36029,4418400,8427459,1098035,266756,193276,164753,400851,722461,215003,77041,60542,452949
11/20/2014,2313285,93675,56415,11770,17265,8225,34154,40289,9031,29575,53536,5384800,8427459,453413,112374,80625,58449,213906,323913,101846,39129,26071,232540
11/21/2014,2361584,71431,34487,11226,18469,7248,36824,52794,7371,28717,57955,5885500,8427459,485374,121969,88880,66539,219972,344993,105920,38608,26935,242144
11/22/2014,3693306,109309,71973,12021,17012,8303,38063,62341,12287,30288,165690,13623100,8427459,804479,189598,159234,92773,299428,521998,161502,61006,40898,335572
11/23/2014,9018619,154521,111918,13808,17016,11780,52551,67116,28890,52285,147849,14982200,8427459,1794520,467796,334716,217144,664690,1180909,382689,131088,91493,732056
11/24/2014,5210943,124287,79789,16329,18024,10145,69932,69264,19263,38854,100530,9820700,8427459,1044374,267463,202106,132643,392916,707688,237256,91258,57576,424976
11/25/2014,2720200,110959,61781,16228,23164,9787,69791,40365,15098,30012,104447,8258100,8427459,507350,135325,110513,79926,227960,372604,121474,45538,37371,258558
11/26/2014,3031087,108627,66408,12930,20054,9235,64385,38134,47484,30042,77910,7736200,8427459,594964,150015,120397,92172,269277,408896,145872,52703,38970,306970
11/27/2014,3171477,102751,71986,9176,13734,7856,42685,35783,12059,26694,113879,9678400,8427459,592344,128041,110689,97018,237402,408426,131565,45827,39015,366188
11/28/2014,7960546,186281,135000,14214,22847,14219,80511,43073,27845,58261,102489,6670300,8427459,1430382,322730,254477,281429,597009,960667,334443,104222,103039,958615
11/29/2014,6499055,214968,165414,12853,23038,13663,82473,44024,24204,52706,221169,17495700,8427459,1417324,312411,229552,228625,524113,894882,301056,94403,71304,811719
11/30/2014,13849444,312428,249214,14689,28217,20309,168975,52046,46018,101405,136776,14828100,8427459,2744417,618720,435997,426552,1158024,1765472,602208,167207,143353,1632243
12/1/2014,13105550,331475,226762,26261,54113,24339,113727,47656,61196,64303,107744,9191300,168605,2474256,585047,379773,518073,928948,1642074,569859,157755,164266,1120547
12/2/2014,8330763,300156,207690,23570,49868,19029,111369,64160,40915,54303,126611,10787000,168605,1751931,474133,327560,269852,582710,1239275,429868,130265,107327,733777
12/3/2014,10657529,321284,217668,25990,58602,19025,110767,63408,45817,63766,128343,10189200,168605,2301775,597864,456664,357971,772357,1533483,501089,166682,121033,983678
12/4/2014,8698768,327699,223224,26866,60903,16706,101647,76964,39734,57915,97654,9403000,168605,1943501,464691,336266,298462,646550,1287327,411419,139574,108849,847913
12/5/2014,5651451,242522,148884,28620,49165,15853,82994,100833,26538,50368,100141,8793500,168605,1345966,315714,256889,177092,425445,899521,260269,109752,63576,711970
12/6/2014,7915431,305953,206737,21148,60038,18029,67065,87944,27472,59640,176637,19539100,168605,1956041,436969,371978,231361,581380,1287754,386509,157780,88174,935134
12/7/2014,15791157,419796,296944,35173,61531,26147,98032,119602,51841,89326,269617,20295800,168605,3623635,873123,646099,450385,1100901,2383187,762316,284130,164459,1665634
12/8/2014,11212202,369808,260404,30058,57467,21880,117466,89411,42019,73513,161788,10760400,168605,2768544,667656,413819,344737,767682,1774898,540443,178041,124132,1168876
12/9/2014,8708447,283513,177531,26669,60652,18661,112152,52353,35624,62631,99633,8859700,168605,2175248,565559,306193,284295,606037,1536123,462896,141522,112281,771805
12/10/2014,9196912,244106,137613,35470,54233,16791,100475,31802,34250,66350,84949,7509200,168605,2357724,590712,301144,305239,632211,1615571,499762,139821,116508,803135
12/11/2014,12703718,211456,116290,23474,54576,17116,126968,33001,47154,77938,61165,6030200,168605,3078252,813722,377114,422736,873594,2091629,691397,164152,156540,1072808
12/12/2014,5778017,216876,137475,22825,42251,14325,102026,29698,28144,55652,103998,8293100,168605,1436789,367444,194599,200095,417964,1016757,328787,96845,76072,576636
12/13/2014,7732784,226560,141434,25557,43922,15648,91759,43988,23638,59464,274379,14876100,168605,1870516,433428,272572,233867,538566,1327068,422878,146832,98473,678957
12/14/2014,15693184,309254,205721,34666,47707,21161,127495,47666,41501,87232,133005,12520400,168605,3647979,871035,554504,463938,1041902,2538793,827247,292779,195992,1233535
12/15/2014,8570733,216632,117509,30720,46107,22296,90910,49128,38365,82401,79855,3086300,168605,2063768,607364,308619,306933,686117,1572361,525660,185074,110034,1325736
12/16/2014,6500170,179665,79239,32152,47035,21239,80159,34559,37478,67976,30701,1899600,168605,1570409,494608,193036,258368,537011,1216492,421315,120167,85000,870688
12/17/2014,7068386,152900,65723,26909,43150,17117,75023,31445,37913,77723,25817,1988300,168605,1664089,490637,197340,288875,663240,1261005,428023,118131,97790,1083692
12/18/2014,5299594,143294,61413,23275,43715,14891,79054,31464,25811,61143,28661,1103900,168605,1225616,368232,139411,203495,494947,911934,313091,88324,64060,976105
12/19/2014,3286327,91864,30574,17205,32286,11799,55428,31502,16314,39464,28375,1650100,168605,793311,224780,90946,129384,301638,612795,210665,55901,42544,463997
12/20/2014,2957134,79772,28066,14539,26839,10327,49068,30931,10082,35790,78080,5393600,168605,756476,185039,86762,105841,261929,590311,188758,55042,42829,403082
12/21/2014,3543202,83676,38596,15537,19803,9739,46293,30677,10569,41572,0,0,168605,799937,202531,104801,119141,319535,654020,203890,68681,47650,469332
12/22/2014,2242722,67551,25857,11835,20742,9117,37800,20091,6875,33421,0,0,168605,513110,126384,64925,73065,219576,425437,135559,46134,29349,252647
12/23/2014,1621274,45073,19488,8734,10004,6847,31682,13800,4893,32339,0,0,168605,379538,99703,40730,46130,199401,305643,106150,27595,22768,218562
12/24/2014,906669,29714,12958,5695,6169,4891,30869,13724,2724,16879,0,0,168605,222705,55985,29030,26764,92470,173298,58496,19968,12596,102190
12/25/2014,904795,28504,10632,4394,8988,4490,28062,13618,2121,18305,0,0,168605,234465,55507,32648,26476,94562,181271,53640,20964,12785,104940
12/26/2014,1892526,45643,19928,6230,12007,7478,34657,13730,4385,41105,0,0,168605,445689,98690,54790,56608,238804,354613,107638,36743,25309,274969
12/27/2014,1966812,46073,21008,8030,9951,7084,34579,13686,4581,37600,0,0,168605,478023,122956,65379,62936,211833,366590,113360,36657,26664,257019
12/28/2014,3793058,67079,35417,11844,11493,8325,39770,13740,9052,37171,0,0,168605,874888,212043,110916,116286,332026,675708,201658,67756,50852,419749
12/29/2014,1713325,60630,25870,13504,12871,8385,27544,22013,5359,37922,0,0,168605,360231,83798,52875,52641,203760,300660,88837,34928,22284,245028
12/30/2014,1662050,61037,30319,10912,11560,8247,40572,22486,4786,44441,0,0,168605,357790,100460,66362,54295,233157,286954,84319,34841,22691,279764
12/31/2014,1728118,43483,22282,5425,8530,7246,39396,20816,4654,50813,0,0,168605,370617,88101,61231,60710,289605,272224,71530,31209,23559,355970
1/1/2015,1622553,32556,12152,5352,6940,8113,9901,28910,1955,33707,0,0,384897,354324,75858,59117,51134,165243,306867,84807,26165,26584,184522
1/2/2015,1418700,38041,14358,7440,8479,7764,12745,11100,1801,31299,0,0,384897,332191,84147,38645,43811,150434,273993,83581,20895,21295,166408
1/3/2015,2024175,44060,18406,8502,8308,8844,17872,0,2114,44826,0,0,384897,403897,112040,22587,61065,201241,351107,108336,20393,32308,243685
1/4/2015,2591037,46393,20176,9122,7393,9701,24385,0,2837,49768,0,0,384897,530168,144993,23770,82150,266685,454470,138636,20861,43791,299520
1/5/2015,2838064,40769,16422,6814,7704,9829,26608,10784,2828,50740,0,0,384897,512019,120199,36031,82988,244941,443069,136057,26442,49271,272362
1/6/2015,2338324,46574,25135,5996,7153,8290,18241,10121,2806,38585,0,0,384897,535896,124754,40055,74786,202662,419813,117000,21454,40264,221268
1/7/2015,1145446,34475,15890,5047,5349,8188,14717,10138,1998,28268,0,0,384897,211924,52042,17878,35467,105285,187667,52254,9077,17922,174379
1/8/2015,944473,27223,9855,4557,5026,7785,12987,10186,1591,26019,0,0,384897,195505,45712,15043,33117,94292,166713,46477,7758,15682,149721
1/9/2015,826993,25240,8180,4945,4410,7705,11613,10145,2393,22925,0,0,384897,170971,42333,12601,29467,86000,142730,38038,6421,13451,136285
1/10/2015,934332,26778,9778,5274,4163,7563,10199,10076,2519,27973,0,0,384897,185440,41419,17560,30708,106514,163144,45837,8318,15704,158162
1/11/2015,1576507,32791,10891,7333,5621,8946,13457,10062,3863,36368,0,0,384897,271503,60749,22288,45568,143207,251708,67910,11495,23604,227950
1/12/2015,1406070,31897,12019,6294,5643,7941,11931,10088,3674,29346,0,0,384897,239621,49210,18261,49759,126190,207038,60698,9106,21251,216595
1/13/2015,1609277,27451,10245,5507,4757,6941,11638,10091,3773,28026,0,0,384897,255035,52088,23950,56204,139240,218638,61159,10749,23176,248194
1/14/2015,1584207,23023,8958,4097,3614,6354,16204,10039,3778,39694,0,0,384897,228839,51429,28162,56649,135414,209676,62461,11703,30445,239672
1/15/2015,899847,24173,9603,4577,4221,5772,9611,10769,2339,27656,0,0,384897,166433,42644,26918,26005,113260,157386,41730,10154,13151,124614
1/16/2015,719795,18476,6938,3685,3658,4196,8750,10338,1776,18427,0,0,384897,154684,36733,24944,21925,79912,132421,37578,9791,12473,84617
1/17/2015,1039626,17932,5754,3750,4081,4348,10812,8475,1975,24995,0,0,384897,182905,34635,34754,29678,86287,163445,44703,10039,18718,114826
1/18/2015,1342590,23177,7130,5522,5152,5373,11336,9239,2634,30180,0,0,384897,236208,47798,43252,37856,131388,221465,57024,15419,22701,155525
1/19/2015,1208924,26253,9578,5342,5847,5487,11633,10443,2715,31384,0,0,384897,244761,55885,42553,36414,131823,216092,53781,15908,19066,136311
1/20/2015,1161109,26085,10695,4654,5647,5090,11227,10537,2728,27561,0,0,384897,253724,53558,37982,34601,122839,216770,54356,14062,18522,129287
1/21/2015,1588071,28380,12931,5441,4734,5274,14768,11187,3274,44911,0,0,384897,351225,77708,55519,50186,203030,282121,68725,20900,26436,213544
1/22/2015,753047,23248,8778,5209,4182,5078,11296,9866,2455,29103,0,0,384897,139355,30374,21903,22595,107790,117752,47859,8517,10219,139025
1/23/2015,638784,21367,7496,4223,5127,4521,11831,9408,1724,23971,0,0,384897,115811,29831,20234,20917,97304,101903,29373,7776,8869,111269
1/24/2015,768112,22018,6772,5194,5132,4919,12876,7833,2097,27952,0,0,384897,159707,35948,24108,24237,112757,132329,33095,8171,9954,128468
1/25/2015,1123527,24755,6995,6357,5650,5752,16920,8670,2793,41394,0,0,384897,214255,46167,29978,31793,169014,179312,40346,12081,14577,189752
1/26/2015,1015261,27860,9414,6624,5861,5961,15263,10319,2661,40507,0,0,384897,189033,45767,28021,35057,159435,159339,37406,11593,13978,176044
1/27/2015,1187479,28313,9976,7144,5272,5921,11845,10748,3117,31299,0,0,384897,236761,52393,37350,43330,158092,196093,44557,13184,16714,184220
1/28/2015,837629,26641,10235,6439,4455,5512,10364,10505,2188,30285,0,0,384897,160788,32261,25447,29053,122683,121574,29551,8408,12057,169476
1/29/2015,801500,28737,13220,5936,4032,5548,10715,10175,2294,35396,0,0,384897,159903,31976,27869,27182,138417,119575,27057,8056,9841,186147
1/30/2015,855219,26343,11169,5922,3350,5902,10820,9192,2240,46706,0,0,384897,164688,31881,30351,33368,186696,116305,27338,8321,10808,236554
1/31/2015,1508816,27547,10369,6181,4425,6572,22833,7433,3304,119673,0,0,384897,257164,33637,39421,53687,471966,166590,37929,9659,16940,570799
2/1/2015,1104057,25395,9364,5705,4621,5705,12184,10248,2834,32591,0,0,420653,228509,44436,37640,37942,114226,187470,39247,11934,15006,163649
2/2/2015,1043031,34629,13707,6558,6932,7431,13283,13392,2841,36641,0,0,420653,220133,41837,38704,34370,118505,172374,40938,12336,14672,178511
2/3/2015,1220936,30929,12094,5462,6522,6851,15306,12385,3354,36191,0,0,420653,223753,46613,33743,43315,128613,188192,48393,13219,18675,189881
2/4/2015,935471,27143,8289,6381,6353,6121,11532,11713,3391,24054,0,0,420653,174625,45339,24075,27224,88430,162109,37489,12126,13267,92455
2/5/2015,795692,23893,6803,5514,6049,5527,12298,11457,2868,21763,0,0,420653,166653,39399,33059,25069,79676,138051,36614,10396,13260,82666
2/6/2015,731969,26876,7684,5503,6409,7280,11671,10712,2518,22200,0,0,420653,159668,39075,24232,24988,73843,133128,31989,7693,14296,79309
2/7/2015,774374,24469,6496,6420,6312,5242,12830,8126,2059,25063,0,0,420653,163415,40026,24816,22873,80417,139898,34051,8112,11784,83647
2/8/2015,1154637,33951,11901,8060,7649,6341,15438,9273,2981,33572,0,0,420653,240433,56949,32514,29712,114082,211288,46291,14472,17361,113791
2/9/2015,1225253,35094,9757,7958,9065,8314,17883,11882,3223,34022,0,0,420653,276565,61097,36094,35205,118939,229761,55777,14975,18538,119915
2/10/2015,1419004,30743,8147,7152,8305,7139,18748,10712,3695,42245,0,0,420653,267419,63865,42568,41401,155109,236119,53908,15387,21686,146824
2/11/2015,707322,28139,8864,6304,7311,5660,13041,6504,2345,27736,0,0,420653,139439,34348,17681,20185,85447,126958,32580,7077,10335,77153
2/12/2015,592061,23003,5739,5186,6861,5217,11180,5686,1710,22759,0,0,420653,127080,33109,13791,15361,73438,110367,29873,6430,8220,65716
2/13/2015,552341,22131,6934,4154,5615,5427,10335,5025,1716,20127,0,0,420653,118294,32525,15882,15482,64775,104240,27300,4955,7345,58047
2/14/2015,546045,20425,6064,3960,5073,5329,10126,3663,1502,21941,0,0,420653,119758,24260,15122,16591,68831,102314,25396,6496,10384,60033
2/15/2015,1222418,28891,12524,5454,5225,5688,15334,4209,2870,43145,0,0,420653,202868,39076,25298,30277,120782,180932,42389,10851,20864,125918
2/16/2015,1463672,31127,13236,6018,5587,6286,16960,5503,3736,37663,0,0,420653,262847,66978,30392,36254,144968,241354,64171,13425,22577,134679
2/17/2015,1309251,32358,14609,5461,6306,5982,15075,5723,3360,30832,0,0,420653,281653,75652,40658,33198,137737,242382,61018,14341,19431,119668
2/18/2015,967828,35695,17250,5249,7817,5379,13583,5663,2163,26236,0,0,420653,193396,44375,22857,24091,105470,163846,43005,10092,15586,95450
2/19/2015,566884,30898,11490,5213,8731,5464,14249,7838,1431,22404,0,0,420653,105316,25283,14086,17035,69088,88479,25070,5194,8058,90539
2/20/2015,502146,26107,8461,4772,7970,4904,12954,7486,1257,19745,0,0,420653,105919,24657,15732,16780,60421,86655,21187,4902,8459,81606
2/21/2015,828566,26073,8148,5422,6901,5601,14108,5740,1624,27804,0,0,420653,146516,32112,20506,22591,100932,126896,31789,7844,12370,121139
2/22/2015,1121667,30524,10207,6017,7478,6823,16507,6551,2254,38781,0,0,420653,194613,41704,29231,35737,130491,162062,42065,10575,18958,171025
2/23/2015,1358214,32150,10137,5409,8982,7622,20027,9133,2862,38577,0,0,420653,209327,47551,34100,43763,143998,174780,46964,12702,22796,189397
2/24/2015,790682,31649,10485,4895,10209,6060,16665,10063,1796,29836,0,0,420653,154593,34781,24826,25369,102340,123859,32721,9264,11434,134802
2/25/2015,900403,29970,10160,4385,8943,6482,15698,10830,1965,42490,0,0,420653,173902,42116,27829,27398,139617,132270,32200,16969,11929,171978
2/26/2015,725946,33071,14383,4645,7259,6785,17033,11475,1788,49309,0,0,420653,128486,29366,19120,19876,144888,109010,25682,6796,8330,157141
2/27/2015,672753,28389,10792,4376,5742,7479,14835,10306,1776,47972,0,0,420653,126112,29523,24403,23995,145842,97994,23131,6617,8110,167811
2/28/2015,1063461,28418,10753,4880,5337,7448,20940,8229,3327,107303,0,0,420653,190152,34147,35365,39709,327768,130205,28176,9005,13076,368562
3/1/2015,952150,33955,12778,7126,6462,7590,22886,10304,3153,43281,0,0,117289,213603,43177,31514,30092,134626,158975,36895,9631,10742,186180
3/2/2015,818037,34716,13717,6630,7878,6491,23572,13097,2428,27157,0,0,117289,159543,34424,27576,26068,87625,129878,33652,8132,11332,136071
3/3/2015,837401,32535,12323,6014,8125,6073,27542,12501,3051,26642,0,0,117289,176863,43674,41529,33899,97901,148320,36215,9675,16239,132811
3/4/2015,1008570,30519,9910,5894,7867,6847,26856,11165,3280,39752,0,0,117289,189341,40719,39808,39065,102586,150238,34716,10042,18184,150280
3/5/2015,870179,29119,8821,5649,7641,7009,23106,12244,2961,35626,0,0,117289,155885,36755,19754,27429,98524,140918,34383,8141,12853,118887
3/6/2015,604484,24597,8057,5043,6053,5445,19188,12753,2008,29234,0,0,117289,113685,25162,19585,18986,72562,103160,23912,6847,8283,89223
3/7/2015,817620,25861,9588,4656,5783,5834,19408,9583,2769,27510,0,0,117289,140710,25273,27189,24733,81896,123118,29707,9716,14929,92729
3/8/2015,1259881,30049,11404,5110,6606,6929,25621,11264,4207,33672,0,0,117289,193116,39346,35594,34597,124197,176956,42433,13721,19944,127821
3/9/2015,892165,33107,12343,5621,7533,7610,22445,14578,3057,23439,0,0,117289,175073,32279,28609,27610,92855,148900,34716,9870,13164,97030
3/10/2015,781904,28011,9071,4808,7568,6564,21308,13248,2083,21905,0,0,117289,153215,29699,24337,26360,76004,129475,32334,9337,14964,86654
3/11/2015,685249,28206,8984,4265,7719,7238,19217,13074,1890,20779,0,0,117289,137377,36725,22819,19936,76517,121521,31386,8573,10091,81289
3/12/2015,748436,22588,6194,3290,6318,6787,19873,13002,1681,20575,0,0,117289,145521,26199,24236,20643,76370,129551,30229,9969,11065,81222
3/13/2015,679971,21112,6109,2981,6337,5686,25277,11096,1720,19164,0,0,117289,140813,30036,24990,18121,75800,121777,25521,7675,8807,78587
3/14/2015,910142,25634,9070,3283,6713,6568,12329,4526,2075,22991,0,0,117289,154700,22990,23039,22184,85978,138033,32283,8333,13270,96539
3/15/2015,1413172,31452,10635,4642,8168,8007,13999,4028,3021,29885,0,0,117289,257641,45769,32728,42010,132388,205356,51685,13011,19631,149606
3/16/2015,1489245,33117,11695,5356,7595,8472,16017,7156,2929,28515,0,0,117289,302254,56444,37969,40511,150922,240942,60606,14078,21703,155057
3/17/2015,761093,35315,13033,5863,7741,8678,12003,10136,2466,22624,0,0,117289,134447,23241,27196,21747,69766,107097,34641,9215,11769,123983
3/18/2015,728679,32937,10653,6428,7250,8606,13173,12393,2364,24362,0,0,117289,143094,23720,25803,25904,73492,116533,32254,8636,13374,126030
3/19/2015,741144,26624,6555,6246,5837,7985,13361,12451,2384,25502,0,0,117289,145093,33086,27715,22992,76487,115137,32608,8739,15050,133418
3/20/2015,731074,22220,4381,5351,5397,7091,12910,12497,2247,22679,0,0,117289,135069,27854,30645,28529,78074,110732,33334,9252,11352,124529
3/21/2015,938667,21782,4606,4008,5145,8023,12694,9735,2396,28569,0,0,117289,159263,24883,28512,31320,92854,132610,42630,10835,14716,141893
3/22/2015,1669755,29910,6300,5539,7088,10983,18140,11745,4629,47692,0,0,117289,268622,46309,52657,56171,172983,229064,69678,19209,25034,246117
3/23/2015,1744213,36382,9151,5706,8621,12904,20245,17560,5161,55401,0,0,117289,271403,48390,55106,53851,184753,225943,70796,17433,27097,272147
3/24/2015,1557701,29813,8774,5627,6227,9184,18149,17837,4507,41150,0,0,117289,238882,45287,47969,50535,119051,211290,63184,16784,22689,197331
3/25/2015,843672,24000,7595,4366,5011,7027,13109,9145,3786,30293,0,0,117289,159733,28648,25475,28543,101976,136752,36462,8106,13586,141837
3/26/2015,768831,22818,7495,3578,4876,6868,12443,9139,2295,33631,0,0,117289,151151,27650,24801,26166,115110,120081,32788,8420,13059,149763
3/27/2015,669760,19594,6327,3331,4331,5606,12063,8074,2027,29478,0,0,117289,133539,25475,21364,24382,97863,106879,28488,6064,10118,136841
3/28/2015,960831,19334,6459,3069,4076,5730,11894,5942,2607,39616,0,0,117289,143650,22993,31093,26792,110620,127629,34749,10010,15282,149932
3/29/2015,1429574,22125,7540,2949,4288,7349,15471,6869,3801,55658,0,0,117289,231751,37562,37736,39192,195688,199908,54020,10758,20575,241708
3/30/2015,1195583,25098,9184,3568,4331,8014,16770,9720,3517,69719,0,0,117289,214925,36516,33533,38127,220400,180066,44042,11006,16219,256594
3/31/2015,1287596,23190,8346,3268,3886,7690,17767,9030,335,83915,0,0,117289,249933,40772,36474,38536,270663,191627,47417,11577,15845,305734
4/1/2015,762430,28348,11791,4269,6099,6189,9908,6402,2672,16621,0,0,799680,161210,33095,20183,22323,81281,147811,35049,8732,12397,72467
4/2/2015,634916,35761,20089,4521,5573,5579,11009,6458,2645,12754,0,0,799680,148613,29976,21995,17692,67062,135421,32440,9233,9267,58174
4/3/2015,611251,36850,22051,4109,5531,5159,10697,6111,2643,12138,0,0,799680,142930,28940,23323,21014,63945,137457,31881,8430,9597,53380
4/4/2015,596688,35614,20290,3473,6882,4969,10729,5040,2254,11152,0,0,799680,146976,31901,21157,16971,61427,129990,33841,9116,10083,50184
4/5/2015,933391,41778,23403,3670,8001,6704,9396,5672,3236,14301,0,0,799680,214153,33916,30566,22106,72798,192847,44762,13928,14297,65899
4/6/2015,2045560,52661,28018,3983,11750,8909,17220,10078,4936,13225,0,0,799680,282256,53116,43654,41778,107168,247632,60954,18634,24406,96114
4/7/2015,1877570,42034,18745,3536,10836,8917,18603,10791,6482,23917,0,0,799680,360296,76090,58676,58433,149826,321483,83909,24396,34715,135524
4/8/2015,1652617,32237,13372,3305,7846,7714,15429,10972,7100,19804,0,0,799680,414785,89453,61300,50015,140215,352094,82456,25848,26545,115000
4/9/2015,723530,28311,9965,3977,6759,7611,11061,10992,3168,12026,0,0,799680,156486,34803,24021,22013,67776,144830,36784,9659,11546,59433
4/10/2015,639462,25654,7195,4025,7304,7130,10903,10096,2347,10771,0,0,799680,146385,28286,22033,19058,59708,128713,32967,9551,10442,51084
4/11/2015,779565,21748,6689,3010,6483,5566,9831,7401,2637,16218,0,0,799680,157593,24011,27099,19184,86202,141519,37371,10443,11185,78970
4/12/2015,1185248,26529,8471,3572,7772,6714,10710,8704,4228,19031,0,0,799680,257983,48402,37282,34952,119200,224653,62291,16111,20677,112922
4/13/2015,1259972,36765,13963,4332,10772,7698,16800,11771,4257,20981,22368,1231400,799680,291655,48794,42149,30783,126612,255285,60217,20887,18391,108193
4/14/2015,1611868,45253,19037,5035,13823,7358,15623,11401,5410,21777,37358,2868600,799680,399725,64689,51933,49680,153812,328960,71740,21725,24373,129491
4/15/2015,1232627,51164,22775,5946,15606,6837,11821,11478,3979,20768,12821,1238700,799680,287548,48497,39054,33378,119386,248024,58531,15914,18534,106402
4/16/2015,760815,43206,17637,5393,13326,6850,9673,10996,2776,14929,23298,2892600,799680,182178,32665,22595,20537,74836,155827,36560,9141,10930,76344
4/17/2015,686989,31819,10206,5024,11170,5419,9413,9670,2606,13752,22165,1661800,799680,157120,31554,27973,22804,66510,139932,34321,9634,11668,70215
4/18/2015,690025,28467,8153,5307,10027,4980,8754,7458,2097,14312,61468,5578700,799680,162710,29510,27392,20064,68100,137997,34210,10315,13158,69700
4/19/2015,1174096,38349,12129,6431,13107,6683,12474,9017,3598,19972,31419,2388700,799680,284591,57132,45856,32744,109012,250405,59521,15532,20139,107196
4/20/2015,1276566,43579,15238,7833,12876,7632,13310,11895,4224,21754,26325,2374000,799680,294086,62003,45058,36433,115623,254032,60376,20450,20045,116249
4/21/2015,1360603,46466,19410,7540,11776,7741,13432,11484,4097,21037,22730,2874900,799680,330913,62857,51924,38434,129111,285378,64517,18118,22034,125704
4/22/2015,1751261,45132,19301,7263,10705,7863,14179,10983,5464,21889,18881,3190100,799680,419295,86116,66674,49796,150539,338351,76527,24986,27796,154014
4/23/2015,1019013,50551,25343,6295,11671,7242,11139,10224,3404,22046,15594,1516100,799680,234772,54741,33003,26349,104748,194043,52675,13124,12558,133243
4/24/2015,837138,42449,19934,6120,10062,6334,10192,9231,2746,19692,28769,2785700,799680,198996,37259,31011,24830,93815,169617,41614,11437,10204,121823
4/25/2015,930201,42394,18802,7502,10049,6041,9381,7765,3126,20667,41919,4501000,799680,227215,44181,33805,27859,98787,194342,44011,13980,13004,130171
4/26/2015,1442852,54291,26358,8499,11748,7686,12955,8939,5013,28927,62852,5767000,799680,368243,68230,47523,42287,141078,309252,74646,17548,18706,196463
4/27/2015,1513295,68894,36869,8764,13738,9523,13508,11841,4751,28501,35816,4187800,799680,353544,68115,49473,42488,151877,307862,77221,20483,21054,185856
4/28/2015,1551737,63498,29781,8505,15717,9494,16541,11335,4354,28849,15156,2131000,799680,374498,79044,60241,39697,163592,320727,79393,23482,19868,185833
4/29/2015,2277162,63438,30696,8145,15287,9310,22826,11087,5356,41625,22593,2317900,799680,476513,87605,67382,61261,255980,403811,102184,27701,31000,301716
4/30/2015,1577536,63286,27641,8107,18808,8730,22647,10602,714,55175,13678,1859800,799680,347226,75586,52942,45864,249572,281957,68366,17195,18887,344505
5/1/2015,1093283,55959,24616,7579,16644,7120,18222,10613,4743,24230,8471,1271900,449754,240522,57487,36978,36403,96529,205169,53972,14630,14442,183043
5/2/2015,998029,47319,21579,6106,13538,6096,14599,8169,3775,20423,50655,7984400,449754,227831,48482,30289,32203,89966,187760,52468,12054,14803,172766
5/3/2015,1846093,65488,31177,8562,17082,8668,22634,9733,6346,33004,50407,6740900,449754,416531,82029,62051,57742,154253,343973,88126,22991,21839,304206
5/4/2015,2019224,82980,42449,11283,18824,10424,31801,13119,6323,39633,0,0,449754,450773,100082,69790,65502,159585,370507,112219,26033,24831,343818
5/5/2015,1887375,92738,51427,11370,20135,9805,29091,12801,6832,35257,0,0,449754,439522,91108,62589,63158,147058,362426,96821,25260,25015,290179
5/6/2015,1494987,87926,45569,10176,23352,8829,20639,12641,5646,26714,0,0,449754,333975,65565,53046,47725,127095,290930,78315,20288,23067,179090
5/7/2015,1188661,68847,32160,8662,19656,8369,18195,12961,5087,18717,0,0,449754,285527,52811,49155,36708,95565,253775,65133,20378,16631,119460
5/8/2015,1001810,53829,22206,7461,16647,7514,18423,11630,4049,17273,0,0,449754,236064,53289,49788,33178,87447,208906,59919,15860,16151,99104
5/9/2015,1040701,53834,26158,6834,14535,6308,13826,9455,4892,19625,0,0,449754,202855,34885,28932,27426,84664,188127,49292,12830,15501,94723
5/10/2015,1277249,71177,41277,7248,15088,7562,17139,10855,5374,19341,0,0,449754,278948,52547,41664,37751,97969,247158,65727,19768,19946,109429
5/11/2015,1344303,93052,56897,9886,16809,9459,21903,14031,6645,18225,0,0,449754,315830,53456,42391,36262,108247,287512,71919,21390,20466,113694
5/12/2015,1319343,71438,41936,8118,12636,8747,18220,13912,5912,18870,0,0,449754,318269,67732,40639,47900,112297,277689,72953,17685,20403,119418
5/13/2015,1120428,54366,29819,6924,10090,7534,18323,13683,4515,22644,0,0,449754,249992,46819,36180,33016,108153,227282,52052,15149,16658,109326
5/14/2015,917927,41098,19869,5444,9120,6665,17982,13313,4078,20095,0,0,449754,214369,43240,32413,27496,97396,191155,42061,15370,13333,91671
5/15/2015,829287,27271,9614,4534,7390,5734,16991,12131,3390,19286,0,0,449754,203186,39643,26786,30382,94135,173668,38884,9731,14587,93866
5/16/2015,993448,32515,14572,5903,6393,5647,15032,9518,3433,21802,0,0,449754,177228,33489,27976,25011,100213,169196,40494,11775,16052,97644
5/17/2015,1416047,50125,29544,6794,6991,6796,19821,10766,5227,26374,0,0,449754,283533,52662,46681,35735,144893,258741,58920,18318,21898,139476
5/18/2015,1247317,53024,29682,8598,7161,7582,21566,13957,4887,22228,19225,2496900,449754,283293,58181,37027,33445,115791,253226,58957,16122,19160,112462
5/19/2015,1301726,45909,22513,8705,7685,7006,20005,13943,5580,20150,24596,2065100,449754,297417,65816,42676,36131,118757,261619,59541,17694,20149,112971
5/20/2015,1912039,37829,15174,7830,7480,7346,21706,13848,7499,22918,13864,1149300,449754,391161,87701,55171,56162,171413,341022,75575,20657,28330,156470
5/21/2015,768989,22488,4893,4508,6692,6396,16727,13062,5012,17754,9792,880100,449754,177064,36065,25605,25188,78393,149645,35368,10279,13666,87543
5/22/2015,659336,18955,3252,3239,7320,5144,13651,11584,3037,14932,12734,1505600,449754,148983,32595,24178,19241,67442,125768,30923,9946,9255,74546
5/23/2015,647807,19765,5291,3197,6727,4550,11118,8524,2247,15271,32567,4594100,449754,134960,24519,33303,16111,69742,116940,26601,8752,9227,80056
5/24/2015,746659,24356,9249,3362,6558,5186,12796,8737,3010,16135,36000,6071300,449754,158036,29830,41837,21938,77152,134895,30044,9860,11298,86041
5/25/2015,1310322,26759,8007,4349,7183,7221,18977,10779,4378,25018,24501,2506600,449754,261430,55975,37608,33220,129138,225817,54959,17053,19792,139099
5/26/2015,1387558,28726,8350,4763,6970,8643,20141,11438,5292,26178,24452,3055300,449754,281231,58569,42415,39197,140820,238010,56335,16492,24290,155781
5/27/2015,2101559,23471,5008,4963,4979,8521,30539,6401,7904,33233,12587,1000300,449754,396281,86795,51994,61256,201601,324768,81474,20427,32913,213752
5/28/2015,960244,26269,7775,5192,5948,7354,22146,4173,4171,25259,13148,1318600,449754,190455,41932,30213,27171,96688,155102,43955,8272,14471,141473
5/29/2015,807597,20358,3021,4705,6417,6215,24484,1675,3239,61664,9130,1370200,449754,153744,39530,17030,21779,153792,125145,45002,6215,12321,182634
5/30/2015,980179,21474,3053,4154,8047,6220,22333,1177,3956,44457,44238,6209300,449754,154089,35311,17149,26663,136822,130430,34584,7732,14029,172576
5/31/2015,1322274,27705,4889,5594,9409,7812,26515,1333,4883,24890,70756,8019800,449754,234451,52118,25314,38901,215419,187074,47946,10361,18216,270549
6/1/2015,1100955,24409,7750,4033,5700,6925,36670,5483,1990,29272,31100,2519500,241739,225508,50496,39893,34245,117933,180927,49488,11939,17410,170730
6/2/2015,1119552,23823,5332,2837,9362,6292,38142,6182,2706,27389,23952,1948100,241739,232720,61793,42384,37352,111763,185000,61161,11510,18822,163743
6/3/2015,1240893,26247,7170,3160,9541,6375,38515,8345,2840,33092,12638,1560500,241739,265245,68551,39118,41384,131226,206973,53321,14099,19571,193866
6/4/2015,960994,25444,7232,3413,8483,6316,29693,7977,2323,24892,13074,1060900,241739,182276,45179,27925,28785,123608,151080,39123,10404,12710,142614
6/5/2015,816595,20055,5045,3250,6026,5733,27260,9329,1716,21365,9651,609300,241739,165808,41262,25323,24234,111066,138617,40086,9100,11044,120271
6/6/2015,764276,18734,4805,3272,5817,4840,22077,7119,1756,17332,65655,7717600,241739,160444,38427,24895,25745,96013,130914,36601,9722,12466,98951
6/7/2015,1180203,25035,6586,3974,8270,6205,25104,8271,2494,22600,52767,4124000,241739,244743,59749,37137,39993,143576,202209,56094,12864,19617,145584
6/8/2015,1407969,31751,7633,4785,11325,8008,34102,14065,2785,28144,16824,1916000,241739,278468,68997,46499,44909,167694,226510,62835,20547,23094,195192
6/9/2015,1275814,31381,5390,5239,13688,7064,32966,16026,2375,29547,19068,1193600,241739,258770,68006,38337,38666,160304,205181,61655,14103,17831,187565
6/10/2015,1805445,31117,4420,4292,15099,7306,39796,16220,3048,37143,10627,1678200,241739,320574,80679,49749,52131,235132,265191,74587,18517,27309,259041
6/11/2015,1101010,25981,6107,3333,10078,6463,30548,14707,2750,24288,9534,1026500,241739,209828,55219,33106,35894,133363,179406,47908,13520,18355,160987
6/12/2015,930354,22622,5846,2929,7592,6256,27280,12361,2424,25568,18830,1359800,241739,177502,43723,25988,30810,124826,153022,41007,11261,15972,142495
6/13/2015,810875,20142,4580,2858,7454,5250,25299,7796,2112,24359,20669,3692400,241739,159844,36147,21336,28861,115699,129716,35311,9886,13429,136520
6/14/2015,1312684,26267,5443,3575,10296,6953,27293,9870,3082,28837,69991,5606500,241739,235710,58084,26681,45593,161974,204541,56505,11888,22063,187609
6/15/2015,1506889,32872,7588,4300,12773,8212,35424,15891,3589,31893,0,0,241739,286088,71816,38835,46650,177547,244007,71813,19133,19840,213102
6/16/2015,1414537,31656,5953,4875,13067,7761,33084,13792,3371,29050,0,0,241739,262865,70824,36995,43451,165441,226787,65961,18258,21298,194944
6/17/2015,1044297,31575,6042,4665,14528,6339,29855,15134,2740,24173,0,0,241739,207163,53954,34876,31506,133973,177802,53616,14425,16350,125044
6/18/2015,909130,30352,6360,3974,14104,5913,25120,14158,2459,21552,0,0,241739,193088,44051,24528,31364,124726,162782,43286,10131,15449,116696
6/19/2015,773940,22720,5083,3703,9680,4255,15988,12978,682,18238,0,0,241739,158146,14521,16332,26202,104304,134469,16561,4628,14393,100995
6/20/2015,912560,21954,5444,3380,8848,4282,19508,10317,1661,19855,0,0,241739,137114,23456,24103,26142,104395,126969,28911,9191,16590,112026
6/21/2015,1205531,26984,6218,3434,12015,5317,23838,12192,3133,22627,0,0,241739,196417,41493,36618,35445,132622,172557,46436,12185,22552,140522
6/22/2015,1169728,29763,7709,4753,11562,5739,29263,14185,2971,23107,0,0,241739,256330,51701,38131,37288,147597,209676,47434,12558,19791,141629
6/23/2015,1616979,29740,8370,4512,11011,5847,31383,5717,4060,27104,0,0,241739,331289,76069,45506,53322,208633,268755,67576,18205,29036,199137
6/24/2015,843268,28205,6739,4908,10180,6378,28094,7649,2803,22707,0,0,241739,152775,37383,26343,29293,114072,126881,35616,7345,14280,139647
6/25/2015,797195,26707,5988,5248,9547,5923,25432,7551,2147,25461,0,0,241739,145062,40757,26234,27231,119935,119957,33178,8471,12603,149443
6/26/2015,760839,22128,4898,4775,7198,5257,26416,7199,1880,26474,0,0,241739,155287,35184,25003,30113,121310,109829,28190,6985,13769,165491
6/27/2015,996058,22191,5221,5375,6345,5249,25421,4885,2316,30951,0,0,241739,153961,31590,33800,31845,144337,119382,31139,8195,15411,201830
6/28/2015,1487966,26404,7834,5165,6290,7115,35441,5482,3296,45529,0,0,241739,231227,48589,47344,46684,238510,177843,45242,12097,23367,323629
6/29/2015,1338723,32680,10677,6697,8153,7153,37452,13575,4075,38831,0,0,241739,243090,50307,46542,44524,197083,180857,45301,14567,20483,272395
6/30/2015,1974306,30120,8194,6822,6951,8152,66582,14829,5341,71514,0,0,241739,344548,63760,81138,79434,375333,238049,55307,20464,32260,490968
7/1/2015,1311009,21443,4969,5071,5417,5985,27616,6599,2947,25015,0,0,598698,236264,54451,45147,41561,95025,198853,44980,15602,19932,150797
7/2/2015,698806,17702,3752,4240,5091,4620,22015,5928,2142,15873,0,0,598698,146310,32396,23939,21940,58174,126581,30841,8321,10902,70602
7/3/2015,539187,16127,3255,3812,5352,3709,15703,4239,1145,13257,0,0,598698,121714,26043,15233,14851,52044,102134,22758,5626,9077,54543
7/4/2015,463590,15245,2687,3744,5654,3159,13920,3609,1280,11407,0,0,598698,97229,22043,15285,12498,39759,88171,18453,5915,6990,43296
7/5/2015,934451,22809,5022,5440,7537,4811,18854,4761,2069,17293,0,0,598698,187545,42852,28058,25164,67827,163283,35313,12074,16192,77834
7/6/2015,1129378,31498,9026,6952,9322,6198,27506,7032,3427,22813,0,0,598698,231777,62262,37144,31909,83032,197889,48719,14740,20154,98047
7/7/2015,1734877,33357,10178,6707,9318,7155,30573,6773,3738,49407,0,0,598698,310234,67671,55025,47019,171577,261507,64561,19973,28752,179514
7/8/2015,1385232,28677,8236,6648,7903,5890,27116,6308,4150,27025,0,0,598698,314079,82255,51526,43317,112608,253337,57472,19417,23346,118973
7/9/2015,601134,28547,10092,6169,6689,5597,18325,6187,1969,18282,0,0,598698,129674,32745,24414,17024,60558,112500,26889,7993,8871,59750
7/10/2015,517405,22213,6643,5313,5726,4532,15787,5321,1469,14757,0,0,598698,118633,32017,20481,17022,51814,103544,24095,6240,8474,48998
7/11/2015,690621,19961,4663,4834,6299,4165,17422,3403,1717,21042,0,0,598698,116656,24410,20960,22210,56581,106484,27300,6482,12551,57570
7/12/2015,907452,25440,6716,6065,7389,5270,19379,4012,2146,24919,0,0,598698,160611,34041,30550,25313,85064,143763,35162,11027,15715,80339
7/13/2015,901501,31106,9238,7003,8550,6314,20221,6748,2316,26913,0,0,598698,181125,39278,25510,22563,88009,163349,36558,10825,14299,82797
7/14/2015,962394,32965,9704,6790,10259,6212,21353,6534,1978,27695,0,0,598698,207450,45555,27965,28014,91933,179007,38251,10972,15172,86487
7/15/2015,1224455,33987,12768,7291,8166,5762,23082,6354,2765,33885,0,0,598698,276316,59262,38537,44095,116314,226321,47417,17382,21769,105281
7/16/2015,597500,30283,13262,5655,6081,5286,18238,6127,1788,15810,0,0,598698,132330,29249,17665,20030,53664,110552,23239,7974,10126,84392
7/17/2015,560983,25463,9436,5596,5650,4781,16167,5396,1305,14501,0,0,598698,121490,24407,18478,17007,53565,102180,20229,6301,7722,79440
7/18/2015,806919,24114,7542,5594,6234,4745,17936,3875,2129,18474,0,0,598698,123964,26810,22002,20569,61927,108822,28035,8023,12494,99377
7/19/2015,1108107,28936,9399,6563,7256,5718,20939,4532,2887,21872,0,0,598698,178720,36556,32836,32358,90144,157232,35044,12351,18866,133089
7/20/2015,883837,32951,11227,6912,8408,6404,22396,6447,2660,20261,0,0,598698,189456,41861,30590,27444,79697,158259,31966,11457,13718,118323
7/21/2015,1090759,29624,8937,6055,7888,6745,23904,6385,2419,23866,0,0,598698,207950,49149,32403,30376,101754,182169,39405,11161,15978,133922
7/22/2015,818830,24935,4917,5090,7709,7219,19021,6406,2355,18665,0,0,598698,152091,33148,24653,26731,62579,126619,29472,10328,13615,126034
7/23/2015,712565,21352,4155,4580,7054,5564,21713,6278,1764,17054,0,0,598698,140070,34040,24572,24935,58758,115338,27252,9170,12827,111614
7/24/2015,621087,17943,2918,4082,6097,4846,16773,5639,1581,17357,0,0,598698,134503,29963,19507,20119,49389,110629,24232,7940,10536,89132
7/25/2015,807076,17923,2884,3594,6802,4642,15333,4006,1873,18968,0,0,598698,123493,26172,23673,22012,57067,109114,23082,7583,12899,108980
7/26/2015,1108083,23821,4008,4701,9200,5912,20429,4801,2446,23850,0,0,598698,185188,37570,32220,33388,83347,154190,36328,10299,16794,156544
7/27/2015,1150124,25189,4989,4750,7935,7515,23733,6913,2538,26610,0,0,598698,222727,46130,33113,36379,92191,188885,40991,12833,19286,177592
7/28/2015,1405169,24066,5149,5236,6863,6818,24588,6744,3101,26243,0,0,598698,259889,56673,42461,45623,111207,212199,46998,14465,22611,217620
7/29/2015,1095172,23915,4634,5253,7848,6180,25694,6547,2801,27344,0,0,598698,203717,43763,30330,35638,94749,170063,35982,11917,18450,176877
7/30/2015,833615,22981,5630,4547,7229,5575,23273,6182,2389,31827,0,0,598698,159013,34560,24997,24674,108848,144533,30272,12151,11164,115270
7/31/2015,797257,21834,5515,3813,7142,5363,20876,5694,1879,38304,0,0,598698,162509,36876,26140,22166,135877,127074,31303,9557,10856,149589
8/1/2015,,,,,,,,,,,,,,,,,,,,,,,
8/2/2015,,,,,,,,,,,,,,,,,,,,,,,
8/3/2015,,,,,,,,,,,,,,,,,,,,,,,
8/4/2015,,,,,,,,,,,,,,,,,,,,,,,
8/5/2015,,,,,,,,,,,,,,,,,,,,,,,
8/6/2015,,,,,,,,,,,,,,,,,,,,,,,
8/7/2015,,,,,,,,,,,,,,,,,,,,,,,
8/8/2015,,,,,,,,,,,,,,,,,,,,,,,
8/9/2015,,,,,,,,,,,,,,,,,,,,,,,
8/10/2015,,,,,,,,,,,,,,,,,,,,,,,
8/11/2015,,,,,,,,,,,,,,,,,,,,,,,
8/12/2015,,,,,,,,,,,,,,,,,,,,,,,
8/13/2015,,,,,,,,,,,,,,,,,,,,,,,
8/14/2015,,,,,,,,,,,,,,,,,,,,,,,
8/15/2015,,,,,,,,,,,,,,,,,,,,,,,
8/16/2015,,,,,,,,,,,,,,,,,,,,,,,
8/17/2015,,,,,,,,,,,,,,,,,,,,,,,
8/18/2015,,,,,,,,,,,,,,,,,,,,,,,
8/19/2015,,,,,,,,,,,,,,,,,,,,,,,
8/20/2015,,,,,,,,,,,,,,,,,,,,,,,
8/21/2015,,,,,,,,,,,,,,,,,,,,,,,
8/22/2015,,,,,,,,,,,,,,,,,,,,,,,
8/23/2015,,,,,,,,,,,,,,,,,,,,,,,
8/24/2015,,,,,,,,,,,,,,,,,,,,,,,
8/25/2015,,,,,,,,,,,,,,,,,,,,,,,
8/26/2015,,,,,,,,,,,,,,,,,,,,,,,
8/27/2015,,,,,,,,,,,,,,,,,,,,,,,
8/28/2015,,,,,,,,,,,,,,,,,,,,,,,
8/29/2015,,,,,,,,,,,,,,,,,,,,,,,
8/30/2015,,,,,,,,,,,,,,,,,,,,,,,
8/31/2015,,,,,,,,,,,,,,,,,,,,,,,
9/1/2015,,,,,,,,,,,,,,,,,,,,,,,
9/2/2015,,,,,,,,,,,,,,,,,,,,,,,
9/3/2015,,,,,,,,,,,,,,,,,,,,,,,
9/4/2015,,,,,,,,,,,,,,,,,,,,,,,
9/5/2015,,,,,,,,,,,,,,,,,,,,,,,
9/6/2015,,,,,,,,,,,,,,,,,,,,,,,
9/7/2015,,,,,,,,,,,,,,,,,,,,,,,
9/8/2015,,,,,,,,,,,,,,,,,,,,,,,
9/9/2015,,,,,,,,,,,,,,,,,,,,,,,
9/10/2015,,,,,,,,,,,,,,,,,,,,,,,
9/11/2015,,,,,,,,,,,,,,,,,,,,,,,
9/12/2015,,,,,,,,,,,,,,,,,,,,,,,
9/13/2015,,,,,,,,,,,,,,,,,,,,,,,
9/14/2015,,,,,,,,,,,,,,,,,,,,,,,
9/15/2015,,,,,,,,,,,,,,,,,,,,,,,
9/16/2015,,,,,,,,,,,,,,,,,,,,,,,
9/17/2015,,,,,,,,,,,,,,,,,,,,,,,
9/18/2015,,,,,,,,,,,,,,,,,,,,,,,
9/19/2015,,,,,,,,,,,,,,,,,,,,,,,
9/20/2015,,,,,,,,,,,,,,,,,,,,,,,
9/21/2015,,,,,,,,,,,,,,,,,,,,,,,
9/22/2015,,,,,,,,,,,,,,,,,,,,,,,
9/23/2015,,,,,,,,,,,,,,,,,,,,,,,
9/24/2015,,,,,,,,,,,,,,,,,,,,,,,
9/25/2015,,,,,,,,,,,,,,,,,,,,,,,
9/26/2015,,,,,,,,,,,,,,,,,,,,,,,
9/27/2015,,,,,,,,,,,,,,,,,,,,,,,
9/28/2015,,,,,,,,,,,,,,,,,,,,,,,
9/29/2015,,,,,,,,,,,,,,,,,,,,,,,
9/30/2015,,,,,,,,,,,,,,,,,,,,,,,
10/1/2015,,,,,,,,,,,,,,,,,,,,,,,
10/2/2015,,,,,,,,,,,,,,,,,,,,,,,
10/3/2015,,,,,,,,,,,,,,,,,,,,,,,
10/4/2015,,,,,,,,,,,,,,,,,,,,,,,
10/5/2015,,,,,,,,,,,,,,,,,,,,,,,
10/6/2015,,,,,,,,,,,,,,,,,,,,,,,
10/7/2015,,,,,,,,,,,,,,,,,,,,,,,
10/8/2015,,,,,,,,,,,,,,,,,,,,,,,
10/9/2015,,,,,,,,,,,,,,,,,,,,,,,
10/10/2015,,,,,,,,,,,,,,,,,,,,,,,
10/11/2015,,,,,,,,,,,,,,,,,,,,,,,
10/12/2015,,,,,,,,,,,,,,,,,,,,,,,
10/13/2015,,,,,,,,,,,,,,,,,,,,,,,
10/14/2015,,,,,,,,,,,,,,,,,,,,,,,
10/15/2015,,,,,,,,,,,,,,,,,,,,,,,
10/16/2015,,,,,,,,,,,,,,,,,,,,,,,
10/17/2015,,,,,,,,,,,,,,,,,,,,,,,
10/18/2015,,,,,,,,,,,,,,,,,,,,,,,
10/19/2015,,,,,,,,,,,,,,,,,,,,,,,
10/20/2015,,,,,,,,,,,,,,,,,,,,,,,
10/21/2015,,,,,,,,,,,,,,,,,,,,,,,
10/22/2015,,,,,,,,,,,,,,,,,,,,,,,
10/23/2015,,,,,,,,,,,,,,,,,,,,,,,
10/24/2015,,,,,,,,,,,,,,,,,,,,,,,
10/25/2015,,,,,,,,,,,,,,,,,,,,,,,
10/26/2015,,,,,,,,,,,,,,,,,,,,,,,
10/27/2015,,,,,,,,,,,,,,,,,,,,,,,
10/28/2015,,,,,,,,,,,,,,,,,,,,,,,
10/29/2015,,,,,,,,,,,,,,,,,,,,,,,
10/30/2015,,,,,,,,,,,,,,,,,,,,,,,
10/31/2015,,,,,,,,,,,,,,,,,,,,,,,
11/1/2015,,,,,,,,,,,,,,,,,,,,,,,
11/2/2015,,,,,,,,,,,,,,,,,,,,,,,
11/3/2015,,,,,,,,,,,,,,,,,,,,,,,
11/4/2015,,,,,,,,,,,,,,,,,,,,,,,
11/5/2015,,,,,,,,,,,,,,,,,,,,,,,
11/6/2015,,,,,,,,,,,,,,,,,,,,,,,
11/7/2015,,,,,,,,,,,,,,,,,,,,,,,
11/8/2015,,,,,,,,,,,,,,,,,,,,,,,
11/9/2015,,,,,,,,,,,,,,,,,,,,,,,
11/10/2015,,,,,,,,,,,,,,,,,,,,,,,
11/11/2015,,,,,,,,,,,,,,,,,,,,,,,
11/12/2015,,,,,,,,,,,,,,,,,,,,,,,
11/13/2015,,,,,,,,,,,,,,,,,,,,,,,
11/14/2015,,,,,,,,,,,,,,,,,,,,,,,
11/15/2015,,,,,,,,,,,,,,,,,,,,,,,
11/16/2015,,,,,,,,,,,,,,,,,,,,,,,
11/17/2015,,,,,,,,,,,,,,,,,,,,,,,
11/18/2015,,,,,,,,,,,,,,,,,,,,,,,
11/19/2015,,,,,,,,,,,,,,,,,,,,,,,
11/20/2015,,,,,,,,,,,,,,,,,,,,,,,
11/21/2015,,,,,,,,,,,,,,,,,,,,,,,
11/22/2015,,,,,,,,,,,,,,,,,,,,,,,
11/23/2015,,,,,,,,,,,,,,,,,,,,,,,
11/24/2015,,,,,,,,,,,,,,,,,,,,,,,
11/25/2015,,,,,,,,,,,,,,,,,,,,,,,
11/26/2015,,,,,,,,,,,,,,,,,,,,,,,
11/27/2015,,,,,,,,,,,,,,,,,,,,,,,
11/28/2015,,,,,,,,,,,,,,,,,,,,,,,
11/29/2015,,,,,,,,,,,,,,,,,,,,,,,
11/30/2015,,,,,,,,,,,,,,,,,,,,,,,
12/1/2015,,,,,,,,,,,,,,,,,,,,,,,
12/2/2015,,,,,,,,,,,,,,,,,,,,,,,
12/3/2015,,,,,,,,,,,,,,,,,,,,,,,
12/4/2015,,,,,,,,,,,,,,,,,,,,,,,
12/5/2015,,,,,,,,,,,,,,,,,,,,,,,
12/6/2015,,,,,,,,,,,,,,,,,,,,,,,
12/7/2015,,,,,,,,,,,,,,,,,,,,,,,
12/8/2015,,,,,,,,,,,,,,,,,,,,,,,
12/9/2015,,,,,,,,,,,,,,,,,,,,,,,
12/10/2015,,,,,,,,,,,,,,,,,,,,,,,
12/11/2015,,,,,,,,,,,,,,,,,,,,,,,
12/12/2015,,,,,,,,,,,,,,,,,,,,,,,
12/13/2015,,,,,,,,,,,,,,,,,,,,,,,
12/14/2015,,,,,,,,,,,,,,,,,,,,,,,
12/15/2015,,,,,,,,,,,,,,,,,,,,,,,
12/16/2015,,,,,,,,,,,,,,,,,,,,,,,
12/17/2015,,,,,,,,,,,,,,,,,,,,,,,
12/18/2015,,,,,,,,,,,,,,,,,,,,,,,
12/19/2015,,,,,,,,,,,,,,,,,,,,,,,
12/20/2015,,,,,,,,,,,,,,,,,,,,,,,
12/21/2015,,,,,,,,,,,,,,,,,,,,,,,
12/22/2015,,,,,,,,,,,,,,,,,,,,,,,
12/23/2015,,,,,,,,,,,,,,,,,,,,,,,
12/24/2015,,,,,,,,,,,,,,,,,,,,,,,
12/25/2015,,,,,,,,,,,,,,,,,,,,,,,
12/26/2015,,,,,,,,,,,,,,,,,,,,,,,
12/27/2015,,,,,,,,,,,,,,,,,,,,,,,
12/28/2015,,,,,,,,,,,,,,,,,,,,,,,
12/29/2015,,,,,,,,,,,,,,,,,,,,,,,
12/30/2015,,,,,,,,,,,,,,,,,,,,,,,
12/31/2015,,,,,,,,,,,,,,,,,,,,,,,
1/1/2016,,,,,,,,,,,,,,,,,,,,,,,
1/2/2016,,,,,,,,,,,,,,,,,,,,,,,
1/3/2016,,,,,,,,,,,,,,,,,,,,,,,
1/4/2016,,,,,,,,,,,,,,,,,,,,,,,
1/5/2016,,,,,,,,,,,,,,,,,,,,,,,
1/6/2016,,,,,,,,,,,,,,,,,,,,,,,
1/7/2016,,,,,,,,,,,,,,,,,,,,,,,
1/8/2016,,,,,,,,,,,,,,,,,,,,,,,
1/9/2016,,,,,,,,,,,,,,,,,,,,,,,
1/10/2016,,,,,,,,,,,,,,,,,,,,,,,
1/11/2016,,,,,,,,,,,,,,,,,,,,,,,
1/12/2016,,,,,,,,,,,,,,,,,,,,,,,
1/13/2016,,,,,,,,,,,,,,,,,,,,,,,
1/14/2016,,,,,,,,,,,,,,,,,,,,,,,
1/15/2016,,,,,,,,,,,,,,,,,,,,,,,
1/16/2016,,,,,,,,,,,,,,,,,,,,,,,
1/17/2016,,,,,,,,,,,,,,,,,,,,,,,
1/18/2016,,,,,,,,,,,,,,,,,,,,,,,
1/19/2016,,,,,,,,,,,,,,,,,,,,,,,
1/20/2016,,,,,,,,,,,,,,,,,,,,,,,
1/21/2016,,,,,,,,,,,,,,,,,,,,,,,
1/22/2016,,,,,,,,,,,,,,,,,,,,,,,
1/23/2016,,,,,,,,,,,,,,,,,,,,,,,
1/24/2016,,,,,,,,,,,,,,,,,,,,,,,
1/25/2016,,,,,,,,,,,,,,,,,,,,,,,
1/26/2016,,,,,,,,,,,,,,,,,,,,,,,
1/27/2016,,,,,,,,,,,,,,,,,,,,,,,
1/28/2016,,,,,,,,,,,,,,,,,,,,,,,
1/29/2016,,,,,,,,,,,,,,,,,,,,,,,
1/30/2016,,,,,,,,,,,,,,,,,,,,,,,
1/31/2016,,,,,,,,,,,,,,,,,,,,,,,
2/1/2016,,,,,,,,,,,,,,,,,,,,,,,
2/2/2016,,,,,,,,,,,,,,,,,,,,,,,
2/3/2016,,,,,,,,,,,,,,,,,,,,,,,
2/4/2016,,,,,,,,,,,,,,,,,,,,,,,
2/5/2016,,,,,,,,,,,,,,,,,,,,,,,
2/6/2016,,,,,,,,,,,,,,,,,,,,,,,
2/7/2016,,,,,,,,,,,,,,,,,,,,,,,
2/8/2016,,,,,,,,,,,,,,,,,,,,,,,
2/9/2016,,,,,,,,,,,,,,,,,,,,,,,
2/10/2016,,,,,,,,,,,,,,,,,,,,,,,
2/11/2016,,,,,,,,,,,,,,,,,,,,,,,
2/12/2016,,,,,,,,,,,,,,,,,,,,,,,
2/13/2016,,,,,,,,,,,,,,,,,,,,,,,
2/14/2016,,,,,,,,,,,,,,,,,,,,,,,
2/15/2016,,,,,,,,,,,,,,,,,,,,,,,
2/16/2016,,,,,,,,,,,,,,,,,,,,,,,
2/17/2016,,,,,,,,,,,,,,,,,,,,,,,
2/18/2016,,,,,,,,,,,,,,,,,,,,,,,
2/19/2016,,,,,,,,,,,,,,,,,,,,,,,
2/20/2016,,,,,,,,,,,,,,,,,,,,,,,
2/21/2016,,,,,,,,,,,,,,,,,,,,,,,
2/22/2016,,,,,,,,,,,,,,,,,,,,,,,
2/23/2016,,,,,,,,,,,,,,,,,,,,,,,
2/24/2016,,,,,,,,,,,,,,,,,,,,,,,
2/25/2016,,,,,,,,,,,,,,,,,,,,,,,
2/26/2016,,,,,,,,,,,,,,,,,,,,,,,
2/27/2016,,,,,,,,,,,,,,,,,,,,,,,
2/28/2016,,,,,,,,,,,,,,,,,,,,,,,
2/29/2016,,,,,,,,,,,,,,,,,,,,,,,
3/1/2016,,,,,,,,,,,,,,,,,,,,,,,
3/2/2016,,,,,,,,,,,,,,,,,,,,,,,
3/3/2016,,,,,,,,,,,,,,,,,,,,,,,
3/4/2016,,,,,,,,,,,,,,,,,,,,,,,
3/5/2016,,,,,,,,,,,,,,,,,,,,,,,
3/6/2016,,,,,,,,,,,,,,,,,,,,,,,
3/7/2016,,,,,,,,,,,,,,,,,,,,,,,
3/8/2016,,,,,,,,,,,,,,,,,,,,,,,
3/9/2016,,,,,,,,,,,,,,,,,,,,,,,
3/10/2016,,,,,,,,,,,,,,,,,,,,,,,
3/11/2016,,,,,,,,,,,,,,,,,,,,,,,
3/12/2016,,,,,,,,,,,,,,,,,,,,,,,
3/13/2016,,,,,,,,,,,,,,,,,,,,,,,
3/14/2016,,,,,,,,,,,,,,,,,,,,,,,
3/15/2016,,,,,,,,,,,,,,,,,,,,,,,
3/16/2016,,,,,,,,,,,,,,,,,,,,,,,
3/17/2016,,,,,,,,,,,,,,,,,,,,,,,
3/18/2016,,,,,,,,,,,,,,,,,,,,,,,
3/19/2016,,,,,,,,,,,,,,,,,,,,,,,
3/20/2016,,,,,,,,,,,,,,,,,,,,,,,
3/21/2016,,,,,,,,,,,,,,,,,,,,,,,
3/22/2016,,,,,,,,,,,,,,,,,,,,,,,
3/23/2016,,,,,,,,,,,,,,,,,,,,,,,
3/24/2016,,,,,,,,,,,,,,,,,,,,,,,
3/25/2016,,,,,,,,,,,,,,,,,,,,,,,
3/26/2016,,,,,,,,,,,,,,,,,,,,,,,
3/27/2016,,,,,,,,,,,,,,,,,,,,,,,
3/28/2016,,,,,,,,,,,,,,,,,,,,,,,
3/29/2016,,,,,,,,,,,,,,,,,,,,,,,
3/30/2016,,,,,,,,,,,,,,,,,,,,,,,
3/31/2016,,,,,,,,,,,,,,,,,,,,,,,
4/1/2016,,,,,,,,,,,,,,,,,,,,,,,
4/2/2016,,,,,,,,,,,,,,,,,,,,,,,
4/3/2016,,,,,,,,,,,,,,,,,,,,,,,
4/4/2016,,,,,,,,,,,,,,,,,,,,,,,
4/5/2016,,,,,,,,,,,,,,,,,,,,,,,
4/6/2016,,,,,,,,,,,,,,,,,,,,,,,
4/7/2016,,,,,,,,,,,,,,,,,,,,,,,
4/8/2016,,,,,,,,,,,,,,,,,,,,,,,
4/9/2016,,,,,,,,,,,,,,,,,,,,,,,
4/10/2016,,,,,,,,,,,,,,,,,,,,,,,
4/11/2016,,,,,,,,,,,,,,,,,,,,,,,
4/12/2016,,,,,,,,,,,,,,,,,,,,,,,
4/13/2016,,,,,,,,,,,,,,,,,,,,,,,
4/14/2016,,,,,,,,,,,,,,,,,,,,,,,
4/15/2016,,,,,,,,,,,,,,,,,,,,,,,
4/16/2016,,,,,,,,,,,,,,,,,,,,,,,
4/17/2016,,,,,,,,,,,,,,,,,,,,,,,
4/18/2016,,,,,,,,,,,,,,,,,,,,,,,
4/19/2016,,,,,,,,,,,,,,,,,,,,,,,
4/20/2016,,,,,,,,,,,,,,,,,,,,,,,
4/21/2016,,,,,,,,,,,,,,,,,,,,,,,
4/22/2016,,,,,,,,,,,,,,,,,,,,,,,
4/23/2016,,,,,,,,,,,,,,,,,,,,,,,
4/24/2016,,,,,,,,,,,,,,,,,,,,,,,
4/25/2016,,,,,,,,,,,,,,,,,,,,,,,
4/26/2016,,,,,,,,,,,,,,,,,,,,,,,
4/27/2016,,,,,,,,,,,,,,,,,,,,,,,
4/28/2016,,,,,,,,,,,,,,,,,,,,,,,
4/29/2016,,,,,,,,,,,,,,,,,,,,,,,
4/30/2016,,,,,,,,,,,,,,,,,,,,,,,
5/1/2016,,,,,,,,,,,,,,,,,,,,,,,
5/2/2016,,,,,,,,,,,,,,,,,,,,,,,
5/3/2016,,,,,,,,,,,,,,,,,,,,,,,
5/4/2016,,,,,,,,,,,,,,,,,,,,,,,
5/5/2016,,,,,,,,,,,,,,,,,,,,,,,
5/6/2016,,,,,,,,,,,,,,,,,,,,,,,
5/7/2016,,,,,,,,,,,,,,,,,,,,,,,
5/8/2016,,,,,,,,,,,,,,,,,,,,,,,
5/9/2016,,,,,,,,,,,,,,,,,,,,,,,
5/10/2016,,,,,,,,,,,,,,,,,,,,,,,
5/11/2016,,,,,,,,,,,,,,,,,,,,,,,
5/12/2016,,,,,,,,,,,,,,,,,,,,,,,
5/13/2016,,,,,,,,,,,,,,,,,,,,,,,
5/14/2016,,,,,,,,,,,,,,,,,,,,,,,
5/15/2016,,,,,,,,,,,,,,,,,,,,,,,
5/16/2016,,,,,,,,,,,,,,,,,,,,,,,
5/17/2016,,,,,,,,,,,,,,,,,,,,,,,
5/18/2016,,,,,,,,,,,,,,,,,,,,,,,
5/19/2016,,,,,,,,,,,,,,,,,,,,,,,
5/20/2016,,,,,,,,,,,,,,,,,,,,,,,
5/21/2016,,,,,,,,,,,,,,,,,,,,,,,
5/22/2016,,,,,,,,,,,,,,,,,,,,,,,
5/23/2016,,,,,,,,,,,,,,,,,,,,,,,
5/24/2016,,,,,,,,,,,,,,,,,,,,,,,
5/25/2016,,,,,,,,,,,,,,,,,,,,,,,
5/26/2016,,,,,,,,,,,,,,,,,,,,,,,
5/27/2016,,,,,,,,,,,,,,,,,,,,,,,
5/28/2016,,,,,,,,,,,,,,,,,,,,,,,
5/29/2016,,,,,,,,,,,,,,,,,,,,,,,
5/30/2016,,,,,,,,,,,,,,,,,,,,,,,
5/31/2016,,,,,,,,,,,,,,,,,,,,,,,
6/1/2016,,,,,,,,,,,,,,,,,,,,,,,
6/2/2016,,,,,,,,,,,,,,,,,,,,,,,
6/3/2016,,,,,,,,,,,,,,,,,,,,,,,
6/4/2016,,,,,,,,,,,,,,,,,,,,,,,
6/5/2016,,,,,,,,,,,,,,,,,,,,,,,
6/6/2016,,,,,,,,,,,,,,,,,,,,,,,
6/7/2016,,,,,,,,,,,,,,,,,,,,,,,
6/8/2016,,,,,,,,,,,,,,,,,,,,,,,
6/9/2016,,,,,,,,,,,,,,,,,,,,,,,
6/10/2016,,,,,,,,,,,,,,,,,,,,,,,
6/11/2016,,,,,,,,,,,,,,,,,,,,,,,
6/12/2016,,,,,,,,,,,,,,,,,,,,,,,
6/13/2016,,,,,,,,,,,,,,,,,,,,,,,
6/14/2016,,,,,,,,,,,,,,,,,,,,,,,
6/15/2016,,,,,,,,,,,,,,,,,,,,,,,
6/16/2016,,,,,,,,,,,,,,,,,,,,,,,
6/17/2016,,,,,,,,,,,,,,,,,,,,,,,
6/18/2016,,,,,,,,,,,,,,,,,,,,,,,
6/19/2016,,,,,,,,,,,,,,,,,,,,,,,
6/20/2016,,,,,,,,,,,,,,,,,,,,,,,
6/21/2016,,,,,,,,,,,,,,,,,,,,,,,
6/22/2016,,,,,,,,,,,,,,,,,,,,,,,
6/23/2016,,,,,,,,,,,,,,,,,,,,,,,
6/24/2016,,,,,,,,,,,,,,,,,,,,,,,
6/25/2016,,,,,,,,,,,,,,,,,,,,,,,
6/26/2016,,,,,,,,,,,,,,,,,,,,,,,
6/27/2016,,,,,,,,,,,,,,,,,,,,,,,
6/28/2016,,,,,,,,,,,,,,,,,,,,,,,
6/29/2016,,,,,,,,,,,,,,,,,,,,,,,
6/30/2016,,,,,,,,,,,,,,,,,,,,,,,
7/1/2016,,,,,,,,,,,,,,,,,,,,,,,
7/2/2016,,,,,,,,,,,,,,,,,,,,,,,
7/3/2016,,,,,,,,,,,,,,,,,,,,,,,
7/4/2016,,,,,,,,,,,,,,,,,,,,,,,
7/5/2016,,,,,,,,,,,,,,,,,,,,,,,
7/6/2016,,,,,,,,,,,,,,,,,,,,,,,
7/7/2016,,,,,,,,,,,,,,,,,,,,,,,
7/8/2016,,,,,,,,,,,,,,,,,,,,,,,
7/9/2016,,,,,,,,,,,,,,,,,,,,,,,
7/10/2016,,,,,,,,,,,,,,,,,,,,,,,
7/11/2016,,,,,,,,,,,,,,,,,,,,,,,
7/12/2016,,,,,,,,,,,,,,,,,,,,,,,
7/13/2016,,,,,,,,,,,,,,,,,,,,,,,
7/14/2016,,,,,,,,,,,,,,,,,,,,,,,
7/15/2016,,,,,,,,,,,,,,,,,,,,,,,
7/16/2016,,,,,,,,,,,,,,,,,,,,,,,
7/17/2016,,,,,,,,,,,,,,,,,,,,,,,
7/18/2016,,,,,,,,,,,,,,,,,,,,,,,
7/19/2016,,,,,,,,,,,,,,,,,,,,,,,
7/20/2016,,,,,,,,,,,,,,,,,,,,,,,
7/21/2016,,,,,,,,,,,,,,,,,,,,,,,
7/22/2016,,,,,,,,,,,,,,,,,,,,,,,
7/23/2016,,,,,,,,,,,,,,,,,,,,,,,
7/24/2016,,,,,,,,,,,,,,,,,,,,,,,
7/25/2016,,,,,,,,,,,,,,,,,,,,,,,
7/26/2016,,,,,,,,,,,,,,,,,,,,,,,
7/27/2016,,,,,,,,,,,,,,,,,,,,,,,
7/28/2016,,,,,,,,,,,,,,,,,,,,,,,
7/29/2016,,,,,,,,,,,,,,,,,,,,,,,
7/30/2016,,,,,,,,,,,,,,,,,,,,,,,
7/31/2016,,,,,,,,,,,,,,,,,,,,,,,
8/1/2016,,,,,,,,,,,,,,,,,,,,,,,
8/2/2016,,,,,,,,,,,,,,,,,,,,,,,
8/3/2016,,,,,,,,,,,,,,,,,,,,,,,
8/4/2016,,,,,,,,,,,,,,,,,,,,,,,
8/5/2016,,,,,,,,,,,,,,,,,,,,,,,
8/6/2016,,,,,,,,,,,,,,,,,,,,,,,
8/7/2016,,,,,,,,,,,,,,,,,,,,,,,
8/8/2016,,,,,,,,,,,,,,,,,,,,,,,
8/9/2016,,,,,,,,,,,,,,,,,,,,,,,
8/10/2016,,,,,,,,,,,,,,,,,,,,,,,
8/11/2016,,,,,,,,,,,,,,,,,,,,,,,
8/12/2016,,,,,,,,,,,,,,,,,,,,,,,
8/13/2016,,,,,,,,,,,,,,,,,,,,,,,
8/14/2016,,,,,,,,,,,,,,,,,,,,,,,
8/15/2016,,,,,,,,,,,,,,,,,,,,,,,
8/16/2016,,,,,,,,,,,,,,,,,,,,,,,
8/17/2016,,,,,,,,,,,,,,,,,,,,,,,
8/18/2016,,,,,,,,,,,,,,,,,,,,,,,
8/19/2016,,,,,,,,,,,,,,,,,,,,,,,
8/20/2016,,,,,,,,,,,,,,,,,,,,,,,
8/21/2016,,,,,,,,,,,,,,,,,,,,,,,
8/22/2016,,,,,,,,,,,,,,,,,,,,,,,
8/23/2016,,,,,,,,,,,,,,,,,,,,,,,
8/24/2016,,,,,,,,,,,,,,,,,,,,,,,
8/25/2016,,,,,,,,,,,,,,,,,,,,,,,
8/26/2016,,,,,,,,,,,,,,,,,,,,,,,
8/27/2016,,,,,,,,,,,,,,,,,,,,,,,
8/28/2016,,,,,,,,,,,,,,,,,,,,,,,
8/29/2016,,,,,,,,,,,,,,,,,,,,,,,
8/30/2016,,,,,,,,,,,,,,,,,,,,,,,
8/31/2016,,,,,,,,,,,,,,,,,,,,,,,
9/1/2016,,,,,,,,,,,,,,,,,,,,,,,
9/2/2016,,,,,,,,,,,,,,,,,,,,,,,
9/3/2016,,,,,,,,,,,,,,,,,,,,,,,
9/4/2016,,,,,,,,,,,,,,,,,,,,,,,
9/5/2016,,,,,,,,,,,,,,,,,,,,,,,
9/6/2016,,,,,,,,,,,,,,,,,,,,,,,
9/7/2016,,,,,,,,,,,,,,,,,,,,,,,
9/8/2016,,,,,,,,,,,,,,,,,,,,,,,
9/9/2016,,,,,,,,,,,,,,,,,,,,,,,
9/10/2016,,,,,,,,,,,,,,,,,,,,,,,
9/11/2016,,,,,,,,,,,,,,,,,,,,,,,
9/12/2016,,,,,,,,,,,,,,,,,,,,,,,
9/13/2016,,,,,,,,,,,,,,,,,,,,,,,
9/14/2016,,,,,,,,,,,,,,,,,,,,,,,
9/15/2016,,,,,,,,,,,,,,,,,,,,,,,
9/16/2016,,,,,,,,,,,,,,,,,,,,,,,
9/17/2016,,,,,,,,,,,,,,,,,,,,,,,
9/18/2016,,,,,,,,,,,,,,,,,,,,,,,
9/19/2016,,,,,,,,,,,,,,,,,,,,,,,
9/20/2016,,,,,,,,,,,,,,,,,,,,,,,
9/21/2016,,,,,,,,,,,,,,,,,,,,,,,
9/22/2016,,,,,,,,,,,,,,,,,,,,,,,
9/23/2016,,,,,,,,,,,,,,,,,,,,,,,
9/24/2016,,,,,,,,,,,,,,,,,,,,,,,
9/25/2016,,,,,,,,,,,,,,,,,,,,,,,
9/26/2016,,,,,,,,,,,,,,,,,,,,,,,
9/27/2016,,,,,,,,,,,,,,,,,,,,,,,
9/28/2016,,,,,,,,,,,,,,,,,,,,,,,
9/29/2016,,,,,,,,,,,,,,,,,,,,,,,
9/30/2016,,,,,,,,,,,,,,,,,,,,,,,
10/1/2016,,,,,,,,,,,,,,,,,,,,,,,
10/2/2016,,,,,,,,,,,,,,,,,,,,,,,
10/3/2016,,,,,,,,,,,,,,,,,,,,,,,
10/4/2016,,,,,,,,,,,,,,,,,,,,,,,
10/5/2016,,,,,,,,,,,,,,,,,,,,,,,
10/6/2016,,,,,,,,,,,,,,,,,,,,,,,
10/7/2016,,,,,,,,,,,,,,,,,,,,,,,
10/8/2016,,,,,,,,,,,,,,,,,,,,,,,
10/9/2016,,,,,,,,,,,,,,,,,,,,,,,
10/10/2016,,,,,,,,,,,,,,,,,,,,,,,
10/11/2016,,,,,,,,,,,,,,,,,,,,,,,
10/12/2016,,,,,,,,,,,,,,,,,,,,,,,
10/13/2016,,,,,,,,,,,,,,,,,,,,,,,
10/14/2016,,,,,,,,,,,,,,,,,,,,,,,
10/15/2016,,,,,,,,,,,,,,,,,,,,,,,
10/16/2016,,,,,,,,,,,,,,,,,,,,,,,
10/17/2016,,,,,,,,,,,,,,,,,,,,,,,
10/18/2016,,,,,,,,,,,,,,,,,,,,,,,
10/19/2016,,,,,,,,,,,,,,,,,,,,,,,
10/20/2016,,,,,,,,,,,,,,,,,,,,,,,
10/21/2016,,,,,,,,,,,,,,,,,,,,,,,
10/22/2016,,,,,,,,,,,,,,,,,,,,,,,
10/23/2016,,,,,,,,,,,,,,,,,,,,,,,
10/24/2016,,,,,,,,,,,,,,,,,,,,,,,
10/25/2016,,,,,,,,,,,,,,,,,,,,,,,
10/26/2016,,,,,,,,,,,,,,,,,,,,,,,
10/27/2016,,,,,,,,,,,,,,,,,,,,,,,
10/28/2016,,,,,,,,,,,,,,,,,,,,,,,
10/29/2016,,,,,,,,,,,,,,,,,,,,,,,
10/30/2016,,,,,,,,,,,,,,,,,,,,,,,
10/31/2016,,,,,,,,,,,,,,,,,,,,,,,
11/1/2016,,,,,,,,,,,,,,,,,,,,,,,
11/2/2016,,,,,,,,,,,,,,,,,,,,,,,
11/3/2016,,,,,,,,,,,,,,,,,,,,,,,
11/4/2016,,,,,,,,,,,,,,,,,,,,,,,
11/5/2016,,,,,,,,,,,,,,,,,,,,,,,
11/6/2016,,,,,,,,,,,,,,,,,,,,,,,
11/7/2016,,,,,,,,,,,,,,,,,,,,,,,
11/8/2016,,,,,,,,,,,,,,,,,,,,,,,
11/9/2016,,,,,,,,,,,,,,,,,,,,,,,
11/10/2016,,,,,,,,,,,,,,,,,,,,,,,
11/11/2016,,,,,,,,,,,,,,,,,,,,,,,
11/12/2016,,,,,,,,,,,,,,,,,,,,,,,
11/13/2016,,,,,,,,,,,,,,,,,,,,,,,
11/14/2016,,,,,,,,,,,,,,,,,,,,,,,
11/15/2016,,,,,,,,,,,,,,,,,,,,,,,
11/16/2016,,,,,,,,,,,,,,,,,,,,,,,
11/17/2016,,,,,,,,,,,,,,,,,,,,,,,
11/18/2016,,,,,,,,,,,,,,,,,,,,,,,
11/19/2016,,,,,,,,,,,,,,,,,,,,,,,
11/20/2016,,,,,,,,,,,,,,,,,,,,,,,
11/21/2016,,,,,,,,,,,,,,,,,,,,,,,
11/22/2016,,,,,,,,,,,,,,,,,,,,,,,
11/23/2016,,,,,,,,,,,,,,,,,,,,,,,
11/24/2016,,,,,,,,,,,,,,,,,,,,,,,
11/25/2016,,,,,,,,,,,,,,,,,,,,,,,
11/26/2016,,,,,,,,,,,,,,,,,,,,,,,
11/27/2016,,,,,,,,,,,,,,,,,,,,,,,
11/28/2016,,,,,,,,,,,,,,,,,,,,,,,
11/29/2016,,,,,,,,,,,,,,,,,,,,,,,
11/30/2016,,,,,,,,,,,,,,,,,,,,,,,
12/1/2016,,,,,,,,,,,,,,,,,,,,,,,
12/2/2016,,,,,,,,,,,,,,,,,,,,,,,
12/3/2016,,,,,,,,,,,,,,,,,,,,,,,
12/4/2016,,,,,,,,,,,,,,,,,,,,,,,
12/5/2016,,,,,,,,,,,,,,,,,,,,,,,
12/6/2016,,,,,,,,,,,,,,,,,,,,,,,
12/7/2016,,,,,,,,,,,,,,,,,,,,,,,
12/8/2016,,,,,,,,,,,,,,,,,,,,,,,
12/9/2016,,,,,,,,,,,,,,,,,,,,,,,
12/10/2016,,,,,,,,,,,,,,,,,,,,,,,
12/11/2016,,,,,,,,,,,,,,,,,,,,,,,
12/12/2016,,,,,,,,,,,,,,,,,,,,,,,
12/13/2016,,,,,,,,,,,,,,,,,,,,,,,
12/14/2016,,,,,,,,,,,,,,,,,,,,,,,
12/15/2016,,,,,,,,,,,,,,,,,,,,,,,
12/16/2016,,,,,,,,,,,,,,,,,,,,,,,
12/17/2016,,,,,,,,,,,,,,,,,,,,,,,
12/18/2016,,,,,,,,,,,,,,,,,,,,,,,
12/19/2016,,,,,,,,,,,,,,,,,,,,,,,
12/20/2016,,,,,,,,,,,,,,,,,,,,,,,
12/21/2016,,,,,,,,,,,,,,,,,,,,,,,
12/22/2016,,,,,,,,,,,,,,,,,,,,,,,
12/23/2016,,,,,,,,,,,,,,,,,,,,,,,
12/24/2016,,,,,,,,,,,,,,,,,,,,,,,
12/25/2016,,,,,,,,,,,,,,,,,,,,,,,
12/26/2016,,,,,,,,,,,,,,,,,,,,,,,
12/27/2016,,,,,,,,,,,,,,,,,,,,,,,
12/28/2016,,,,,,,,,,,,,,,,,,,,,,,
12/29/2016,,,,,,,,,,,,,,,,,,,,,,,
12/30/2016,,,,,,,,,,,,,,,,,,,,,,,
12/31/2016,,,,,,,,,,,,,,,,,,,,,,,
1/1/2017,,,,,,,,,,,,,,,,,,,,,,,
1/2/2017,,,,,,,,,,,,,,,,,,,,,,,
1/3/2017,,,,,,,,,,,,,,,,,,,,,,,
1/4/2017,,,,,,,,,,,,,,,,,,,,,,,
1/5/2017,,,,,,,,,,,,,,,,,,,,,,,
1/6/2017,,,,,,,,,,,,,,,,,,,,,,,
1/7/2017,,,,,,,,,,,,,,,,,,,,,,,
1/8/2017,,,,,,,,,,,,,,,,,,,,,,,
1/9/2017,,,,,,,,,,,,,,,,,,,,,,,
1/10/2017,,,,,,,,,,,,,,,,,,,,,,,
1/11/2017,,,,,,,,,,,,,,,,,,,,,,,
1/12/2017,,,,,,,,,,,,,,,,,,,,,,,
1/13/2017,,,,,,,,,,,,,,,,,,,,,,,
1/14/2017,,,,,,,,,,,,,,,,,,,,,,,
1/15/2017,,,,,,,,,,,,,,,,,,,,,,,
1/16/2017,,,,,,,,,,,,,,,,,,,,,,,
1/17/2017,,,,,,,,,,,,,,,,,,,,,,,
1/18/2017,,,,,,,,,,,,,,,,,,,,,,,
1/19/2017,,,,,,,,,,,,,,,,,,,,,,,
1/20/2017,,,,,,,,,,,,,,,,,,,,,,,
1/21/2017,,,,,,,,,,,,,,,,,,,,,,,
1/22/2017,,,,,,,,,,,,,,,,,,,,,,,
1/23/2017,,,,,,,,,,,,,,,,,,,,,,,
1/24/2017,,,,,,,,,,,,,,,,,,,,,,,
1/25/2017,,,,,,,,,,,,,,,,,,,,,,,
1/26/2017,,,,,,,,,,,,,,,,,,,,,,,
1/27/2017,,,,,,,,,,,,,,,,,,,,,,,
1/28/2017,,,,,,,,,,,,,,,,,,,,,,,
1/29/2017,,,,,,,,,,,,,,,,,,,,,,,
1/30/2017,,,,,,,,,,,,,,,,,,,,,,,
1/31/2017,,,,,,,,,,,,,,,,,,,,,,,
2/1/2017,,,,,,,,,,,,,,,,,,,,,,,
2/2/2017,,,,,,,,,,,,,,,,,,,,,,,
2/3/2017,,,,,,,,,,,,,,,,,,,,,,,
2/4/2017,,,,,,,,,,,,,,,,,,,,,,,
2/5/2017,,,,,,,,,,,,,,,,,,,,,,,
2/6/2017,,,,,,,,,,,,,,,,,,,,,,,
2/7/2017,,,,,,,,,,,,,,,,,,,,,,,
2/8/2017,,,,,,,,,,,,,,,,,,,,,,,
2/9/2017,,,,,,,,,,,,,,,,,,,,,,,
2/10/2017,,,,,,,,,,,,,,,,,,,,,,,
2/11/2017,,,,,,,,,,,,,,,,,,,,,,,
2/12/2017,,,,,,,,,,,,,,,,,,,,,,,
2/13/2017,,,,,,,,,,,,,,,,,,,,,,,
2/14/2017,,,,,,,,,,,,,,,,,,,,,,,
2/15/2017,,,,,,,,,,,,,,,,,,,,,,,
2/16/2017,,,,,,,,,,,,,,,,,,,,,,,
2/17/2017,,,,,,,,,,,,,,,,,,,,,,,
2/18/2017,,,,,,,,,,,,,,,,,,,,,,,
2/19/2017,,,,,,,,,,,,,,,,,,,,,,,
2/20/2017,,,,,,,,,,,,,,,,,,,,,,,
2/21/2017,,,,,,,,,,,,,,,,,,,,,,,
2/22/2017,,,,,,,,,,,,,,,,,,,,,,,
2/23/2017,,,,,,,,,,,,,,,,,,,,,,,
2/24/2017,,,,,,,,,,,,,,,,,,,,,,,
2/25/2017,,,,,,,,,,,,,,,,,,,,,,,
2/26/2017,,,,,,,,,,,,,,,,,,,,,,,
2/27/2017,,,,,,,,,,,,,,,,,,,,,,,
2/28/2017,,,,,,,,,,,,,,,,,,,,,,,
3/1/2017,,,,,,,,,,,,,,,,,,,,,,,
